@inbook{Menz97,
        author    = {W. Menz and J. Mohr},
        title     = {Mikrosystemtechnik f"ur Ingenieure},
        publisher = {VCH},
        chapter   = {1--9},
        year      = 1997,
        language  = {ngerman}
        }

@article{Horn90,
        author    = {R. G. Horn},
        title     = {Surface Forces and Their Actions in Ceramic Materials},
        journal   = {Journal of the American Ceramic Society},
        volume    = {73},
        pages     = {1117--1135},
        year      = {1990},
        language  = {english}
        }

@manual{DINEN6232,
        title     = {Pr"ufverfahren f"ur Hochleistungskeramiken: Allgemeine und strukturelle Eigenschaften: Bestimmung von Dichte und Porosit"at},
        organization = {DIN EN 623--2},
        year      = 1991,
        language  = {ngerman}
        }

@book{Lamport94,
        author    = {Leslie Lamport},
        title     = {\LaTeX: A Document Preparation System},
        publisher = {Addison-Wesley},
        year      = 1994,
        language  = {english}
        }

@book{Knuth84,
        author    = {Donald E. Knuth},
        title     = {The \TeX book},
        volume    = {A},
        series    = {Computers and Typesetting},
        publisher = {Addison-Wesley},
        year      = 1984,
        language  = {english}
        }
