@misc{website,
	Collabration = {{ATLAS }},
	Date-Added = {2014-03-02 16:37:06 +0000},
	Date-Modified = {2014-03-03 13:02:21 +0000},
	Howpublished = {\url{https://twiki.cern.ch/twiki/bin/view/AtlasPublic/JetEtmissApproved2011PileupOffsetAndJVF}},
	Keywords = {objects},
	Note = {As of 02.03.2014}}

@inbook{Menz97,
        author    = {W. Menz and J. Mohr},
        title     = {Mikrosystemtechnik f\"ur Ingenieure},
        publisher = {VCH},
        chapter   = {1--9},
        year      = 1997,
        language  = {ngerman}
        }

@article{Horn90,
        author    = {R. G. Horn},
        title     = {Surface Forces and Their Actions in Ceramic Materials},
        journal   = {Journal of the American Ceramic Society},
        volume    = {73},
        pages     = {1117--1135},
        year      = {1990},
        language  = {english}
        }

@manual{DINEN6232,
        title     = {Pr\"ufverfahren f\"ur Hochleistungskeramiken: Allgemeine und strukturelle Eigenschaften: Bestimmung von Dichte und Porosit\"at},
        organization = {DIN EN 623--2},
        year      = 1991,
        language  = {ngerman}
        }

@book{Lamport94,
        author    = {Leslie Lamport},
        title     = {\LaTeX: A Document Preparation System},
        publisher = {Addison-Wesley},
        year      = 1994,
        language  = {english}
        }

@book{Knuth84,
        author    = {Donald E. Knuth},
        title     = {The \TeX book},
        volume    = {A},
        series    = {Computers and Typesetting},
        publisher = {Addison-Wesley},
        year      = 1984,
        language  = {english}
        }


%===============================
%= Chapter 1 - Introduction ====
%===============================
@Article{wimpenny_winer,
     author    = "Wimpenny, S.~J. and Winer, B.~L.",
     title     = "The Top Quark",
     journal   = "Annu. Rev. Nucl. Part. Sci.",
     volume    = "46",
     year      = "1995",
     pages     = "149-95"
}
@Article{campagnari_franklin,
     author    = "Campagnari, C. and Franklin, M.",
     title     = "The Discovery of the Top Quark",
     journal   = "Rev. Mod. Phys.",
     volume    = "69",
     year      = "1997",
     pages     = "137-212",
     eprint    = "hep-ex/9608003",
     SLACcitation  = "%%CITATION = HEP-EX 9608003;%%"
}
@Article{bhat_prosper_snyder_review,
     author    = "Bhat, P.~C. and Prosper, H.~B. and Snyder, S.~S.",
     title     = "Top Quark Physics at the Tevatron",
     journal   = "Int. J. Mod. Phys. A",
     volume    = "13",
     year      = "1998",
     pages     = "5113-5218",
     eprint    = "hep-ex/9809011",
     SLACcitation  = "%%CITATION = HEP-EX 9809011;%"
}
@Article{tollefson_varnes,
     author    = "Tollefson, K. and Varnes, E.~W.",
     title     = "Direct Measurement of the Top Quark Mass",
     journal   = "Annu. Rev. Nucl. Part. Sci.",
     volume    = "49",
     year      = "1999",
     pages     = "435-79"
}
@Article{chakraborty_konigsberg_rainwater,
     author    = "Chakraborty, D. and Konigsberg, J. and
                  Rainwater, D.",
     title     = "Top-Quark Physics",
     journal   = "Annu. Rev. Nucl. Part. Sci.",
     volume    = "53",
     year      = "2003",
     pages     = "301-51"
}
@Article{wagner_2005,
     author    = "Wagner, W.",
     title     = "Top Quark Physics in Hadron Collisions",
     journal   = "Rept. Prog. Phys.",
     volume    = "68",
     year      = "2005",
     pages     = "2409-2494",
     eprint    = "hep-ex/0507207",
     SLACcitation  = "%%CITATION = HEP-EX 0507207;%"
}
@Article{Quadt:2007jk,
     author    = "Quadt, Arnulf",
     title     = "{Top quark physics at hadron colliders}",
     journal   = "Eur. Phys. J.",
     volume    = "C48",
     year      = "2006",
     pages     = "835-1000",
     doi       = "10.1140/epjc/s2006-02631-6",
     SLACcitation  = "%%CITATION = EPHJA,C48,835;%%"
}
}@Article{altarelli_dilella,
     author    = "Altarelli, G. and Di~Lella, L.",
     title     = "Proton Anti-Proton Collider Physics",
     journal   = "Adv. Ser. Direct. High Energy Phys.",
     volume    = "4",
     year      = "1989",
     pages     = "177-224"
}
@Article{bean_no_fcnc,
     author    = "Bean, A. and others",
 collaboration = "CLEO",
     title     = "Improved Upper Limit on Flavor Changing Neutral-Current 
                  Decays of the $b$ Quark",
     journal   = "Phys. Rev. D",
     volume    = "35",
     year      = "1987",
     pages     = "3533"
}
@Article{elsen_b_weakiso_1,
     author    = "Elsen, E. and others",
 Collaboration = "JADE",
     title     = "A Measurement of the Weak Axial Couplings of the 
                  $b$ and $c$ Quark",
     journal   = "Z. Phys. C",
     volume    = "46",
     year      = "1990",
     pages     = "349"
}
@Article{behrend_b_weakiso_2,
     author    = "Behrend, H.~J. and others",
 Collaboration = "CELLO",
     title     = "Heavy Quark Charge Asymmetries with the CELLO Detector",
     journal   = "Z. Phys. C",
     volume    = "47",
     year      = "1990",
     pages     = "333-342"
}
@Article{shimonaka_b_weakiso_3,
     author    = "Shimonaka, A. and others",
 Collaboration = "TOPAZ",
     title     = "Measurements of $b$-Quark Forward-Backward Charge 
                  Asymmetry and Axial Vector Coupling Using Inclusive Muons 
                  in $e^+e^-$ Annihilation at $\sqrt{s} = 52 - 61.4\;\rm GeV$",
     journal   = "Phys. Lett. B",
     volume    = "268",
     year      = "1991",
     pages     = "457-464"
}
@Article{lepew_fit_1992,
     author    = "{LEP-Electroweak Working Group and the LEP Collaborations: 
                   ALEPH, DELPHI, L3 and OPAL}",
     title     = "Electroweak Parameters of the $Z^0$ Resonance and 
                  the Standard Model",
     journal   = "Phys. Lett. B",
     volume    = "276",
     year      = "1992",
     pages     = "247-253"
}
@Article{alphaem_bejing,
     author    = "Bai, J.~Z. and others",
 Collaboration = "BES",
     title     = "Measurements of the Cross-Section for $e^+e^-\rightarrow$ 
                  Hadrons at Center-of-Mass Energies from $2$ 
                  to $5\;\rm GeV$",
     journal   = "Phys. Rev. Lett.",
     volume    = "88",
     year      = "2002",
     pages     = "101802",
     eprint    = "hep-ex/0102003",
     SLACcitation  = "%%CITATION = HEP-EX 0102003;%%"
}
@Article{muon_lifetime,
     author    = "van~Ritbergen, T. and Stuart, R.~G.",
     title     = "Complete Two Loop Quantum Electrodynamic Contributions to the
                  Muon Lifetime in the Fermi Model",
     journal   = "Phys. Rev. Lett.",
     volume    = "82",
     year      = "1999",
     pages     = "488",
     eprint    = "hep-ex/9808283",
     SLACcitation  = "%%CITATION = HEP-EX 9808283;%%"
}
@Article{zpole_2005,
     author    = "{The ALEPH, DELPHI, L3, OPAL, SLD Collaborations,
                   the LEP Electroweak Working Group,
                   the SLD Electroweak and Heavy Flavour Groups}",
     title     = "{Precision Electroweak Measurements on the $Z$ Resonance}",
     journal   = "Phys. Rept.",
     volume    = "427",
     year      = "2006",
     eprint    = "hep-ex/0509008",
     pages     = "257",
     SLACcitation  = "%%CITATION = HEP-EX 0509008;%%"
}
@Article{lepew_2004,
     author    = "{The ALEPH, DELPHI, L3, OPAL, SLD Collaborations,
                   the LEP Electroweak Working Group,
                   the SLD Electroweak and Heavy Flavour Groups}",
     title     = "{A Combination of Preliminary Electroweak Measurements and
                   Constraints on the Standard Model}",
     journal   = "CERN-PH-EP/2004-069",
     year      = "2004",
     eprint    = "hep-ex/0412015",
     SLACcitation  = "%%CITATION = HEP-EX 0412015;%%"
}
@Article{lepew_2005,
     author    = "{The ALEPH, DELPHI, L3, OPAL, SLD Collaborations,
                   the LEP Electroweak Working Group,
                   the SLD Electroweak and Heavy Flavour Groups}",
     title     = "{A Combination of Preliminary Electroweak Measurements and
                   Constraints on the Standard Model}",
     journal   = "{Updated for 2005 summer conferences:
                  http://www.cern.ch/LEPEWWG}, 2005",
}
@Article{lep_sm_higgs,
     author    = "{The LEP Working Group for Higgs Boson Searches} and 
                  Barate, R. and others",
     title     = "Search for the Standard Model Higgs Boson at LEP",
     journal   = "Phys. Lett. B",
     volume    = "565",
     year      = "2003",
     pages     = "61-75",
     eprint    = "hep-ex/0306033",
     SLACcitation  = "%%CITATION = HEP-EX 0306033%%"
}
@Article{priv_comm_cquigg,
     author    = "Quigg, C.",
     title     = "History plot of limits on or measurements 
                  of the top quark mass",
     journal   = "Phys. Today",
     volume    = "50N5",
     year      = "1997",
     pages     = "20",
}
@Article{ckmfitter_2005,
     author    = "{The CKMfitter Group} and Charles, J. and others",
     title     = "CP Violation and the CKM Matrix:
                  Assessing the Impact of the Asymmetric $B$ Factories",
     journal   = "Eur. Phys. J. C",
     volume    = "41",
     year      = "2005",
     pages     = "1-131",
     eprint    = "hep-ph/0406184",
     SLACcitation  = "%%CITATION = HEP-PH 0406184;%%"
}
@Article{nutev_sin2th,
     author    = "Zeller, G.~P. and others",
 collaboration = "{NuTeV}",
     title     = "A Precise Determination of Electroweak Parameters in 
                  Neutrino Nucleon Scattering",
     journal   = "Phys. Rev. Lett.",
     volume    = "88",
     year      = "2002",
     pages     = "091802",
     eprint    = "hep-ex/0110059",
     SLACcitation  = "%%CITATION = HEP-EX 0110059;%%"
}
@Article{nutev_sin2th_err,
     author    = "Zeller, G.~P. and others",
 collaboration = "{NuTeV}",
     title     = "A Precise Determination of Electroweak Parameters in 
                  Neutrino Nucleon Scattering",
     journal   = "Erratum-ibid",
     volume    = "90",
     year      = "2003",
     pages     = "239902",
}
@Article{ew_precision,
     author    = "Altarelli, G. and Gr{\"u}newald, M.~W.",
     title     = "Precision Electrweaok Tests of the Standard Model",
     journal   = "Phys. Rept.",
     volume    = "403-404",
     year      = "2004",
     pages     = "189-201",
     eprint    = "hep-ph/0404165",
     SLACcitation  = "%%CITATION = HEP-PH 0404165;%%"
}
@Article{doris_1,
     author    = "Berger, C. and others",
 collaboration = "PLUTO",
     title     = "Observation of a Narrow Resonance Formed in 
                  $e^+e^-$ Annihilation at $9.46\;\rm GeV$",
     journal   = "Phys. Lett. B",
     volume    = "76",
     year      = "1978",
     pages     = "243-245",
}
@Article{doris_2,
     author    = "Bienlein, J.~K. and others",
 collaboration = "DESY-Heidelberg",
     title     = "Observation of a Narrow Resonance at $10.02\;\rm GeV$ 
                  in $e^+e^-$ Annihilations",
     journal   = "Phys. Lett. B",
     volume    = "78",
     year      = "1978",
     pages     = "360-360",
}
@Article{doris_3,
     author    = "Darden, W.~E. and others",
 collaboration = "DASP",
     title     = "Observation of a Narrow Resonance at $9.46\;\rm GeV$ 
                  in Electron-Positron Annihilations",
     journal   = "Phys. Lett. B",
     volume    = "76",
     year      = "1978",
     pages     = "246",
}
@Article{kane_peskin_1982,
     author    = "Kane, G.~L. and Peskin, M.~E.",
     title     = "A Constraint from $B$ Decay on Models with no $t$ Quark",
     journal   = "Nucl. Phys. B",
     volume    = "195",
     year      = "1982",
     pages     = "29",
}
@Article{roy_sankar_1990,
     author    = "Roy, D.~P. and Sankar, S.~U.",
     title     = "$B_D^0-\bar{B}_D^0$ Mixing as the Evidence for the 
                  Existence of the Top Quark",
     journal   = "Phys. Lett. B",
     volume    = "243",
     year      = "1990",
     pages     = "296-300",
}
@Article{argus_1987,
     author    = "Albrecht, H. and others",
 collaboration = "ARGUS",
     title     = "Observation of $B^0-\bar{B}^0$ Mixing",
     journal   = "Phys. Lett. B",
     volume    = "192",
     year      = "1987",
     pages     = "245",
}
@Article{argus_1987_1,
     author    = "Albrecht, H. and others",
 collaboration = "ARGUS",
     title     = "A Study of $\bar{B}^0 \rightarrow D^{*\,+} \ell \bar{\nu}$ 
                  and $B^0\bar{B}^0$ Mixing Using Partial $D^{*+}$ 
                  Reconstruction.",
     journal   = "Phys. Lett. B",
     volume    = "324",
     year      = "1994",
     pages     = "249-254",
}
@Article{cleo_1993,
     author    = "Bartelt, J. and others",
 collaboration = "CLEO",
     title     = "Two Measurements of $B^0 \bar{B}^0$ Mixing",
     journal   = "Phys. Rev. Lett.",
     volume    = "71",
     year      = "1993",
     pages     = "1680",
}
@Article{herb_1977,
     author    = "Herb, S.~W. and others",
     title     = "Observation of a Dimuon Resonance at $9.5\;\rm GeV$ in 
                  $400\;\rm GeV$ Proton-Nucleus Collisions",
     journal   = "Phys. Rev. Lett.",
     volume    = "39",
     year      = "1977",
     pages     = "252-255",
}
@Article{petra_top_1,
     author    = "Behrend, H.~J. and others",
 collaboration = "CELLO",
     title     = "Search for New Heavy Quarks in $e^+e^-$ Collisions up 
                  to $46.78\;\rm GeV$ Center-of-Mass Energy",
     journal   = "Phys. Lett. B",
     volume    = "144",
     year      = "1984",
     pages     = "297",
}
@Article{petra_top_2,
     author    = "Bartel, W. and others",
 collaboration = "JADE",
     title     = "Total Cross-Section for hadron Production by $e^+e^-$ 
                  Annihilation at PETRA Energies",
     journal   = "Phys. Lett. B",
     volume    = "88",
     year      = "1979",
     pages     = "171",
}
@Article{petra_top_3,
     author    = "Bartel, W. and others",
 collaboration = "JADE",
     title     = "Search for New Flavor Production at PETRA",
     journal   = "Phys. Lett. B",
     volume    = "89",
     year      = "1979",
     pages     = "136",
}
@Article{petra_top_4,
     author    = "Bartel, W. and others",
 collaboration = "JADE",
     title     = "Prompt Muons in Multiparticle Events from $e^+e^-$ 
                  Annihilation at PETRA",
     journal   = "Phys. Lett. B",
     volume    = "99",
     year      = "1981",
     pages     = "277",
}
@Article{petra_top_5,
     author    = "Barber, D.~P. and others",
 collaboration = "MARK-J",
     title     = "Study of Electron-Positron Collisions at the Highest 
                  PETRA Energy",
     journal   = "Phys. Lett. B",
     volume    = "85",
     year      = "1979",
     pages     = "463",
}
@Article{petra_top_6,
     author    = "Barber, D.~P. and others",
 collaboration = "MARK-J",
     title     = "Search for the Production of a New Quark Flavor at the 
                  Highest PETRA Energies",
     journal   = "Phys. Rev. Lett.",
     volume    = "44",
     year      = "1980",
     pages     = "1722",
}
@Article{petra_top_7,
     author    = "Adeva, B. and others",
 collaboration = "MARK-J",
     title     = "Search for Top Quark and a Test of Models Without Top Quark
                  at the Highest PETRA Energies",
     journal   = "Phys. Rev. Lett.",
     volume    = "50",
     year      = "1983",
     pages     = "799",
}
@Article{petra_top_8,
     author    = "Adeva, B. and others",
 collaboration = "MARK-J",
     title     = "Experimental Study of Inclusive Muon Spectra at PETRA",
     journal   = "Phys. Rev. Lett.",
     volume    = "51",
     year      = "1983",
     pages     = "443",
}
@Article{petra_top_9,
     author    = "Adeva, B. and others",
 collaboration = "MARK-J",
     title     = "New Particle Searches",
     journal   = "Phys. Lett. B",
     volume    = "152",
     year      = "1985",
     pages     = "439",
}
@Article{petra_top_10,
     author    = "Adeva, B. and others",
 collaboration = "MARK-J",
     title     = "Study of Hadron and Inclusive Muon Production from 
                  Electron Positron Annihilation at 
                  $39.79\;\rm GeV \le \sqrt{s} \le 46.78\;\rm GeV$",
     journal   = "Phys. Rev. D",
     volume    = "34",
     year      = "1986",
     pages     = "681",
}
@Article{petra_top_11,
     author    = "Berger, C. and others",
 collaboration = "PLUTO",
     title     = "Search for a 'Top' Threshold in Hadronic $e^+e^-$ 
                  Annihilation at Energies 
                  between $22\;\rm GeV$ and $31.6\;\rm GeV$",
     journal   = "Phys. Lett. B",
     volume    = "86",
     year      = "1979",
     pages     = "413",
}
@Article{petra_top_12,
     author    = "Brandelik, R. and others",
 collaboration = "TASSO",
     title     = "A Measurement of $\sigma_{tot}(e^+e^-\rightarrow hadrons)$ 
                  for 
                  CM Energies between $12.0\;\rm GeV$ and $36.7\;\rm GeV$",
     journal   = "Phys. Lett. B",
     volume    = "113",
     year      = "1982",
     pages     = "499",
}
@Article{petra_top_13,
     author    = "Althoff, M. and others",
 collaboration = "TASSO",
     title     = "Jet Production and Fragmentation in $e^+e^-$ Annihilation 
                  at $12\;\rm GeV$ to $43\;\rm GeV$",
     journal   = "Z. Phys. C",
     volume    = "22",
     year      = "1984",
     pages     = "307",
}
@Article{petra_top_14,
     author    = "Althoff, M. and others",
 collaboration = "TASSO",
     title     = "Measurement of $R$ and Search for Top Quark in $e^+e^-$ 
                  Annihilation between $39.8\;\rm GeV$ and $45.2\;\rm GeV$",
     journal   = "Phys. Lett. B",
     volume    = "138",
     year      = "1984",
     pages     = "441",
}
@Article{tristan_top_1,
     author    = "Sagawa, H. and others",
 collaboration = "AMY",
     title     = "Measurements of $R$ and a Search for Heavy Quark 
                  Production in $e^+e^-$ Annihilation at
                  $\sqrt{s} = 50\;\rm GeV$ and $52\;\rm GeV$",
     journal   = "Phys. Rev. Lett.",
     volume    = "60",
     year      = "1988",
     pages     = "93",
}
@Article{tristan_top_2,
     author    = "Igarashi, S. and others",
 collaboration = "AMY",
     title     = "Search for Isolated Leptons in low Thrust $e^+e^-$ 
                  Annihilation Events at $\sqrt{s} = 50\;\rm GeV$ and 
                  $52\;\rm GeV$",
     journal   = "Phys. Rev. Lett.",
     volume    = "60",
     year      = "1988",
     pages     = "2359",
}
@Article{tristan_top_3,
     author    = "Adachi, I. and others",
 collaboration = "TOPAZ",
     title     = "Search for Top Quark in $e^+e^-$ Collisions at 
                  $\sqrt{s}=52\;\rm GeV$",
     journal   = "Phys. Rev. Lett.",
     volume    = "60",
     year      = "1988",
     pages     = "97",
}
@Article{tristan_top_4,
     author    = "Yoshida, H. and others",
 collaboration = "VENUS",
     title     = "Measurement of $R$ and Search for New Heavy Quarks in 
                  $e^+e^-$ Annihilation at $50\;\rm GeV$ and $52\;\rm GeV$ 
                  Center-of-Mass Energies",
     journal   = "Phys. Lett. B",
     volume    = "198",
     year      = "1987",
     pages     = "570",
}
@Article{tristan_top_5,
     author    = "Abe, K. and others",
 collaboration = "VENUS",
     title     = "Measurement of $R$ and Search for New Quark Flavors 
                  Decaying into Multi-Jet Final States in $e^+e^-$ 
                  Collisions between $54\;\rm GeV$ and $61.4\;\rm GeV$ 
                  C.M. Energies",
     journal   = "Phys. Lett. B",
     volume    = "234",
     year      = "1990",
     pages     = "382",
}
@Article{slc_top_1,
     author    = "Abrams, G.~S. and others",
 collaboration = "MARK~II",
     title     = "Searches for New Quarks and Leptons Produced in 
                  $Z$ Boson Decay",
     journal   = "Phys. Rev. Lett.",
     volume    = "63",
     year      = "1989",
     pages     = "2447",
}
@Article{lep_top_1,
     author    = "Decamp, D. and others",
 collaboration = "ALEPH",
     title     = "A Search for New Quarks and Leptons From $Z^0$ Decay",
     journal   = "Phys. Lett. B",
     volume    = "236",
     year      = "1990",
     pages     = "511",
}
@Article{lep_top_2,
     author    = "Abreu, P. and others",
 collaboration = "DELPHI",
     title     = "Search for $t$ and $b^\prime$ Quarks in Hadronic 
                  Decays of the $Z^0$ Boson",
     journal   = "Phys. Lett. B",
     volume    = "242",
     year      = "1990",
     pages     = "536-546",
}
@Article{lep_top_3,
     author    = "Akrawy, M.~Z. and others",
 collaboration = "OPAL",
     title     = "A Search for the Top and $b^\prime$ Quarks in Hadronic 
                  $Z^0$ Decays",
     journal   = "Phys. Lett. B",
     volume    = "236",
     year      = "1990",
     pages     = "364",
}
@Article{isr_cernreport,
     author    = "{CERN ISR Division}",
     title     = "Annual Progress Report from the ISR Division for 
                  the Year 1981",
     journal   = "CERN-ISR-DI/82-02, 1982 (unpublished)",
}
@Article{ua1_1984,
     author    = "Arnison, G. and others",
 collaboration = "UA1",
     title     = "Associated Production of an Isolated large Transverse 
                  Momentum Lepton (Electron or Muon), and Two Jets at 
                  the CERN $p\bar{p}$ Collider",
     journal   = "Phys. Lett. B",
     volume    = "147",
     year      = "1984",
     pages     = "493",
}
@Article{ua1_1988,
     author    = "Albajar, C. and others",
 collaboration = "UA1",
     title     = "Search for New Heavy Quarks at the CERN $p\bar{p}$ Collider",
     journal   = "Z. Phys. C",
     volume    = "37",
     year      = "1988",
     pages     = "505",
}
@Article{ua1_1990,
     author    = "Albajar, C. and others",
 collaboration = "UA1",
     title     = "Search for New Heavy Quarks in $p\bar{p}$ Collisions
                  at $\sqrt{s} = 0.63\;\rm TeV$",
     journal   = "Z. Phys. C",
     volume    = "48",
     year      = "1990",
     pages     = "1-12",
}
@Article{ua2_1990,
     author    = "{\AA}kesson, T. and others",
 collaboration = "UA2",
     title     = "Search for Top Quark Production at the CERN 
                  $\bar{p}p$ Collider",
     journal   = "Z. Phys. C",
     volume    = "46",
     year      = "1990",
     pages     = "179",
}
@Article{cdf_prl90_1,
     author    = "Abe, F. and others",
 collaboration = "CDF",
     title     = "A Search for the Top Quark in the Reaction 
                  $\bar{p}p\rightarrow$ Electron+Jets at 
                  $\sqrt{s}=1.8\;\rm TeV$",
     journal   = "Phys. Rev. Lett.",
     volume    = "64",
     year      = "1990",
     pages     = "142",
}
@Article{cdf_prl90_2,
     author    = "Abe, F. and others",
 collaboration = "CDF",
     title     = "Search for New heavy Quarks in Electron-Muon Events at
                  the Fermilab Tevatron Collider",
     journal   = "Phys. Rev. Lett.",
     volume    = "64",
     year      = "1990",
     pages     = "147-151",
}
@Article{cdf_prd91,
     author    = "Abe, F. and others",
 collaboration = "CDF",
     title     = "Top Quark Search in the Electron+Jet Channel in $p\bar{p}$
                  Collisions at $\sqrt{s}=1.8\;\rm TeV$",
     journal   = "Phys. Rev. D",
     volume    = "43",
     year      = "1991",
     pages     = "664-686",
}
@Article{cdf_prl92,
     author    = "Abe, F. and others",
 collaboration = "CDF",
     title     = "A Lower Limit on the Top Quark Mass from Events with Two
                  Leptons in $p\bar{p}$ Collisions at 
                  $\sqrt{s} = 1.8\;\rm TeV$",
     journal   = "Phys. Rev. Lett.",
     volume    = "68",
     year      = "1992",
     pages     = "447-451",
}
@Article{cdf_prd92,
     author    = "Abe, F. and others",
 collaboration = "CDF",
     title     = "A Limit on the Top Quark Mass from $p\bar{p}$ Collisions
                  at $\sqrt{s} = 1.8\;\rm TeV$",
     journal   = "Phys. Rev. D",
     volume    = "45",
     year      = "1992",
     pages     = "3921-3948",
}
@Article{d0_prd95,
     author    = "Abachi, S. and others",
 collaboration = "\dzero",
     title     = "Top Quark Search With the \dzero\ 1992-1993 Data Sample",
     journal   = "Phys. Rev. D",
     volume    = "52",
     year      = "1995",
     pages     = "4877-4919",
}
@Article{d0_prl94,
     author    = "Abachi, S. and others",
 collaboration = "\dzero",
     title     = "Search for the Top Quark in $p\bar{p}$ Collisions at
                  $\sqrt{s} = 1.8\;\rm TeV$",
     journal   = "Phys. Rev. Lett.",
     volume    = "72",
     year      = "1994",
     pages     = "2138",
}
@Article{schaile_zerwas,
     author    = "Schaile, D. and Zerwas, P.~M.",
     title     = "Measuring the Weak Isospin of $b$ Quarks",
     journal   = "Phys. Rev. D",
     volume    = "45",
     year      = "1992",
     pages     = "3262-3265",
}
@Article{evidence_buch,
     author    = "Staley, K.~W.",
     title     = "The Evidence for the Top Quark: Objectivity and Bias 
                  in Collaborative Experimentation",
     journal   = "(Cambridge University Press, Cambridge, 2004)",
}
@Article{grannis_ichep94,
     author    = "Grannis, P.",
     title     = "Search for the Top Quark: Results from the \dzero\
                  Experiment",
     journal   = "Proceedings of the 27th International Conference on High 
                  Energy Physics (ICHEP94), Glasgow, Scotland, 1994, 
                  edited by P.~J.~Bussey, I.~G.~Knowles (IOP, 1995),",
     eprint    = "hep-ex/9409006",
     SLACcitation  = "%%CITATION = HEP-EX 9409006;%%"
}









%=====================================================================
%= Chapter 2 - Top Quark Production and Decay at Hadron Colliders ====
%=====================================================================
@Article{standardmodel0,
     author    = "Glashow, S.~L.",
     title     = "Partial Symmetries of Weak Interactions",
     journal   = "Nucl. Phys.",
     volume    = "22",
     year      = "1961",
     pages     = "579-588"
}
@Article{standardmodel1,
     author    = "Weinberg, S.",
     title     = "A Model of Leptons",
     journal   = "Phys. Rev. Lett.",
     volume    = "19",
     year      = "1967",
     pages     = "1264-1266"
}
@Book{standardmodel2_book,
     author    = "Salam, A.",
     title     = "Weak and Electromagnetic Interactions",
     publisher = "Almqvist \& Wiksell, Stockholm",
     edition   = "Nobel Symposium 8",
     year      = "1968"
}
@Article{standardmodel2,
     author    = "Salam, A.",
     title     = "Weak and Electromagnetic Interactions",
     journal   = "ed. Nobel Symposium No. 8
                  (Almqvist \& Wiksell, Stockholm, 1968)",
}
@Article{standardmodel3,
     author    = "Glashow, S.~L. and Iliopoulos, J. and Maiani, L.",
     title     = "Weak Interactions with Lepton-Hadron Symmetry",
     journal   = "Phys. Rev. D",
     volume    = "2",
     year      = "1970",
     pages     = "1285-1292"
}
@Article{standardmodel4,
     author    = "Georgi, H. and Glashow, S.~L.",
     title     = "Unified Weak and Electromagnetic Interactions without 
                  Neutral Currents",
     journal   = "Phys. Rev. Lett.",
     volume    = "28",
     year      = "1972",
     pages     = "1494-1497"
}
@Article{standardmodel5,
     author    = "Politzer, H.~D.",
     title     = "Reliable Perturbative Results for Strong Interactions",
     journal   = "Phys. Rev. Lett.",
     volume    = "30",
     year      = "1973",
     pages     = "1346-1349"
}
@Article{standardmodel6,
     author    = "Politzer, H.~D.",
     title     = "Asymptotic Freedom: An Approach to Strong Interactions",
     journal   = "Phys. Rept.",
     volume    = "14",
     year      = "1974",
     pages     = "129"
}
@Article{standardmodel7,
     author    = "Gross, D.~J. and Wilczek, F.",
     title     = "Asymptotically Free Gauge Theories",
     journal   = "Phys. Rev. D",
     volume    = "8",
     year      = "1973",
     pages     = "3633-3652"
}
@Article{standardmodel8,
     author    = "Weinberg, S.",
     title     = "The Making of the Standard Model",
     journal   = "Eur. Phys. J. C",
     volume    = "34",
     year      = "2004",
     pages     = "5-13",
     eprint    = "hep-ph/0401010",
     SLACcitation  = "%%CITATION = HEP-PH 0401010;%"
}
@Article{standardmodel9,
     author    = "'t~Hooft, G.",
     title     = "Renormalizable Lagrangians For Massive Yang-Mills Fields",
     journal   = "Nucl. Phys. B",
     volume    = "35",
     year      = "1971",
     pages     = "167"
}
@Article{standardmodel10,
     author    = "'t~Hooft, G. and Veltmann, M.",
     title     = "Regularization And Renormalization Of Gauge Fields",
     journal   = "Nucl. Phys. B",
     volume    = "44",
     year      = "1972",
     pages     = "189"
}
@Article{standardmodel11,
     author    = "'t~Hooft, G. and Veltmann, M.",
     title     = "Combinatorics of gauge fields",
     journal   = "Nucl. Phys. B",
     volume    = "50",
     year      = "1972",
     pages     = "318"
}
@Article{higgs1,
     author    = "Higgs, P.~W.",
     title     = "Broken Symmetries, Massless Particles and Gauge Fields",
     journal   = "Phys. Lett.",
     volume    = "12",
     year      = "1964",
     pages     = "132-133"
}
@Article{higgs2,
     author    = "Englert, F. and Brout, R.",
     title     = "Broken Symmetry and the Mass of Gauge Vector Mesons",
     journal   = "Phys. Rev. Lett.",
     volume    = "13",
     year      = "1964",
     pages     = "321-322"
}
@Article{higgs3,
     author    = "Guralnik, G.~S. and Hagen, C.~R. and Kibble, T.~W.~B.",
     title     = "Global Conservation Laws and Massless Particles",
     journal   = "Phys. Rev. Lett.",
     volume    = "13",
     year      = "1964",
     pages     = "585-587"
}
@Article{veltman_renorm,
     author    = "Veltman, M.~J.~G.",
     title     = "Secon Threshold in Weak Interactions",
     journal   = "Acta Phys. Polon. B",
     volume    = "8",
     year      = "1977",
     pages     = "475"
}
@Article{cabibbo,
     author    = "Cabbibo, N.",
     title     = "Unitary Symmetry and Leptonic Decays",
     journal   = "Phys. Rev. Lett.",
     volume    = "10",
     year      = "1963",
     pages     = "531-532"
}
@Article{kobayashi_maskawa,
     author    = "Kobayashi, M. and Maskawa, T.",
     title     = "CP Violation in the Renormalizable Theory of
                  Weak Interaction",
     journal   = "Prog. Theor. Phys.",
     volume    = "49",
     year      = "1973",
     pages     = "652-657"
}
@Article{pdg2002,
     author    = "{The Particle Data Group} and Hagiwara, K. and others",
     title     = "Review of Particle Physics",
     journal   = "Phys. Rev. D",
     volume    = "66",
     year      = "2002",
     pages     = "010001",
}
@Article{pdg2004,
     author    = "{The Particle Data Group} and Eidelmann, S. and others",
     title     = "Review of Particle Physics",
     journal   = "Phys. Lett. B",
     volume    = "592",
     year      = "2004",
     pages     = "1"
}
@Article{matching_mlm,
     author    = "Mangano, M.~L.",
     title     = "A Review of MLM's Prescription for Removal of 
                  Double Counting",
     journal   = "http://cepa.fnal.gov/patriot/mc4run2/MCTuning/
                  061104/mlm.pdf",
     year      = "2004",
}
@Article{matching_mrenna,
     author    = "Mrenna, S. and Richardson, P.",
     title     = "Matching Matrix Elements and Parton Showers with 
                  HERWIG and PYTHIA",
     journal   = "J. High Energy Phys.",
     volume    = "0405",
     year      = "2004",
     pages     = "040",
     eprint    = "hep-ph/0312274",
     SLACcitation  = "%%CITATION = HEP-PH 0312274;%"
}
@Article{ckkw1,
     author    = "Catani, S. and Krauss, F. and Kuhn, R. and Webber, B.~R.",
     title     = "QCD Matix Elements + Parton Showers",
     journal   = "J. High Energy Phys.",
     volume    = "0111",
     year      = "2001",
     pages     = "063",
     eprint    = "hep-ph/0109231",
     SLACcitation  = "%%CITATION = HEP-PH 0109231;%"
}
@Article{ckkw2,
     author    = "Krauss, F.",
     title     = "Matrix Elements and Parton Showers in Hadronic Interactions",
     journal   = "J. High Energy Phys.",
     volume    = "0208",
     year      = "2002",
     pages     = "015",
     eprint    = "hep-ph/0205283",
     SLACcitation  = "%%CITATION = HEP-PH 0205283;%"
}
@Article{mc_at_lhc,
     author    = "Gleisberg, T. and others",
     title     = "Monte Carlo Models at the LHC",
     journal   = "Proceedings of the DIS2004, Strbske Pleso, Slovakia, 2004,",
     eprint    = "hep-ph/0407365",
     SLACcitation  = "%%CITATION = HEP-PH 0407365;%"
}
@Article{fkrauss_0409106,
     author    = "Krauss, F. Sch{\"a}licke, A. and Schumann, S. 
                  and Soff, G.",
     title     = "Simulating $W/Z$+jets production at the Tevatron",
     journal   = "Phys. Rev. D",
     volume    = "70",
     year      = "2004",
     pages     = "114009",
     eprint    = "hep-ph/0409106",
     SLACcitation  = "%%CITATION = HEP-PH 0409106;%"
}
@Article{sherpa_1,
     author    = "Gleisberg, T. and Hoeche, S. and Krauss, F. and 
                  Sch{\"a}licke, A. and Schumann, S. and Winter, J.",
     title     = "SHERPA 1.$\alpha$, a proof-of-concept version",
     journal   = "J. High Energy Phys.",
     volume    = "0402",
     year      = "2004",
     pages     = "056",
     eprint    = "hep-ph/0311263",
     SLACcitation  = "%%CITATION = HEP-PH 0311263;%"
}
@Article{sherpa_2,
     author    = "Sch{\"a}licke, A.  and Gleisberg, T. and Hoeche, S. 
                  and Schumann, S. and Winter, J. and Krauss, F. and 
                  and Soff, G.",
     title     = "Event Generator for Particle Production in 
                  High-Energy Collisions",
     journal   = "Prog. Part. Nucl. Phys.",
     volume    = "53",
     year      = "2004",
     pages     = "329-338",
     eprint    = "hep-ph/0311270",
     SLACcitation  = "%%CITATION = HEP-PH 0311270;%"
}
@Article{sherpa_3,
     author    = "Gleisberg, T. and Hoeche, S. and Krauss, F. and 
                  Sch{\"a}licke, A.  and  Schumann, S. and 
                  Soff, G. and Winter, J.",
     title     = "Predictions for multi-particle final states with SHERPA",
     journal   = "Talk at Physics at LHC, Vienna, Austria, 2004,",
     eprint    = "hep-ph/0409122",
     SLACcitation  = "%%CITATION = HEP-PH 0409122;%"
}
@Article{nlo_ttbar_1,
     author    = "Nason, P. and Dawson, S. and Ellis, R.~K.",
     title     = "The Total Cross-Section for the Production of Heavy 
                  Quarks in Hadronic Collisions",
     journal   = "Nucl. Phys. B",
     volume    = "303",
     year      = "1988",
     pages     = "607"
}
@Article{nlo_ttbar_2,
     author    = "Beenakker, W. and Kuijf, H. and van~Neerven, W.~L. 
                  and Smith, J.",
     title     = "QCD Corrections to Heavy Quark Production in $p\bar{p}$
                  Collisions",
     journal   = "Phys. Rev. D",
     volume    = "40",
     year      = "1989",
     pages     = "54-82"
}
@Article{nlo_ttbar_2.1,
     author    = "Beenakker, W. and van~Neerven, W.~L. and Meng, R. and
                  Schuler, G.~A. and Smith, J.",
     title     = "QCD corrections to heavy quark production in 
                  hadron collisions",
     journal   = "Nucl. Phys. B",
     volume    = "351",
     year      = "1991",
     pages     = "507-560"
}

@Article{nlo_ttbar_2.2,
     author    = "Nason, P. and Dawson, S. and Ellis, R.~K.",
     title     = "The one particle inclusive differential 
                  cross-section for heavy quark production 
                  in hadronic collisions",
     journal   = "Nucl. Phys. B",
     volume    = "327",
     year      = "1989",
     pages     = "49-92"
}
@Article{nlo_ttbar_3,
     author    = "Laenen, E. and Smith, J. and van~Neerven, W.~L.",
     title     = "All Order Resummation of Soft Gluon Contributions 
                  to Heavy Quark Production in Hadron Hadron Collisions",
     journal   = "Nucl. Phys. B",
     volume    = "369",
     year      = "1992",
     pages     = "543",
}
@Article{nlo_ttbar_4,
     author    = "Berger, E.~L. and Contopanagos, H.",
     title     = "Perturbative Gluon Resummation of the Top Quark
                  Production Cross-Section",
     journal   = "Phys. Lett. B",
     volume    = "361",
     year      = "1995",
     pages     = "115",
     eprint    = "hep-ph/9507363",
     SLACcitation  = "%%CITATION = HEP-PH 9507363;%"
}
@Article{tspin_kuehn,
     author    = "K{\"u}hn, J.~H.",
     title     = "How to Measure the Polarization of Top Quarks",
     journal   = "Nucl. Phys. B",
     volume    = "237",
     year      = "1984",
     pages     = "77",
}
@Article{Bernreuther:1994cx,
     author    = "Bernreuther, W. and Brandenburg, A.",
     title     = "Tracing CP violation in the production of 
                  top quark pairs by multiple TeV proton 
                  proton collisions",
     journal   = "Phys. Rev. D",
     volume    = "49",
     year      = "1994",
     pages     = "4481-4492",
     eprint    = "hep-ph/9312210",
     SLACcitation  = "%%CITATION = HEP-PH 9312210;%"
}
@Article{Harlander:1995,
     author    = "Harlander, R. and Je{\.z}abek, M. and K{\"u}hn, J.~H. and
                  Teubner, T.",
     title     = "Polarization in top quark pair production near threshold",
     journal   = "Phys. Lett. B",
     volume    = "346",
     year      = "1995",
     pages     = "137-142",
     eprint    = "hep-ph/9411395",
     SLACcitation  = "%%CITATION = HEP-PH 9411395;%"
}
@Article{Arens:1993,
     author    = "Arens, T. and Sehgal, L.~M.",
     title     = "Azimuthal correlations of charged leptons 
                  produced in $p\bar{p} \rightarrow t\bar{t} + ...$",
     journal   = "Phys. Lett. B",
     volume    = "302",
     year      = "1993",
     pages     = "501-506",
}
@Article{Bernreuther:1995cx,
     author    = "Bernreuther, W. and Brandenburg, A. and Uwer, P.",
     title     = "Transverse Polarization of Top Quark Pairs at the 
                  Tevatron and the Large Hadron Collider",
     journal   = "Phys. Lett. B",
     volume    = "368",
     year      = "1996",
     pages     = "153",
     eprint    = "hep-ph/9510300",
     SLACcitation  = "%%CITATION = HEP-PH 9510300;%"
}
@Article{Dharmaratna:1996xd,
     author    = "Dharmaratna, W.~G.~D. and Goldstein, G.~R.",
     title     = "Single quark polarization in quantum 
                  chromodynamics subprocesses",
     journal   = "Phys. Rev. D",
     volume    = "53",
     year      = "1996",
     pages     = "1073",
}
@Article{Bernreuther:2005is,
     author    = "Bernreuther, W. and {F\"ucker}, M. and Si, Z.~G.",
     title     = "Mixed QCD and weak corrections to top quark 
                  pair production at hadron colliders",
     journal   = "Phys. Lett. B",
     volume    = "633",
     year      = "2006",
     pages     = "54",
     eprint    = "hep-ph/0508091",
     SLACcitation  = "%%CITATION = HEP-PH 0508091;%"
}
@Article{brandenburg96,
     author    = "Brandenburg, A.",
     title     = "Spin-Spin Correlations of Top Quark Pairs at 
                  Hadron Colliders",
     journal   = "Phys. Lett. B",
     volume    = "388",
     year      = "1996",
     pages     = "626-632",
     eprint    = "hep-ph/9603333",
     SLACcitation  = "%%CITATION = HEP-PH 9603333;%"
}
@Article{bernreuther_nlospin_2001,
     author    = "Bernreuther, W. and Brandenburg, A. and Si, Z.~G. and
                  Uwer, P.",
     title     = "Top Quark Spin Correlations at Hadron Colliders: 
                  Prediction at Next-to-Leading Order QCD",
     journal   = "Phys. Rev. Lett.",
     volume    = "87",
     year      = "2001",
     pages     = "242002",
     eprint    = "hep-ph/0107086",
     SLACcitation  = "%%CITATION = HEP-PH 0107086;%"
}
@Article{bernreuther_nlospin_2004,
     author    = "Bernreuther, W. and Brandenburg, A. and Si, Z.~G. and
                  Uwer, P.",
     title     = "Top quark pair production and decay at hadron colliders",
     journal   = "Nucl. Phys. B",
     volume    = "690",
     year      = "2004",
     pages     = "81",
     eprint    = "hep-ph/0403035",
     SLACcitation  = "%%CITATION = HEP-PH 0403035;%"
}
@Article{Brandenburg:2002xr,
     author    = "Brandenburg, A. and Si, Z.~G. and
                  Uwer, P.",
     title     = "QCD-corrected spin analysing power of jets 
                  in decays of polarized top quarks",
     journal   = "Phys. Lett. B",
     volume    = "539",
     year      = "2002",
     pages     = "235",
     eprint    = "hep-ph/0205023",
     SLACcitation  = "%%CITATION = HEP-PH 0205023;%"
}
@Article{Brandenburg:1999,
     author    = "Brandenburg, A. and Flesch, M. and
                  Uwer, P.",
     title     = "The Spin density matrix of top quark pairs 
                  produced in electron - positron annihilation 
                  including QCD radiative corrections",
     journal   = "Phys. Rev. D",
     volume    = "59",
     year      = "1999",
     pages     = "014001",
     eprint    = "hep-ph/9806306",
     SLACcitation  = "%%CITATION = HEP-PH 9806306;%"
}
@Article{czarnecki:1990pe,
     author    = "Czarnecki, A. and Je{\.z}abek, M. and {K\"uhn}, J.~H.",
     title     = "Lepton Spectra from Decays of Polarized Top Quarks",
     journal   = "Nucl. Phys. B",
     volume    = "351",
     year      = "1991",
     pages     = "70",
}
@Article{abe97_wjj,
     author    = "Abe, F. and others",
 collaboration = "CDF",
     title     = "Observation of Hadronic $W$ Decays in $t\bar{t}$ 
                  Events with the Collider Detector at Fermilab",
     journal   = "Phys. Rev. Lett.",
     volume    = "80",
     year      = "1998",
     pages     = "5720-5725",
     eprint    = "hep-ex/9711004",
     SLACcitation  = "%%CITATION = HEP-EX 9711004;%"
}
@Article{kuehn_rodrigo_prl,
     author    = "K{\"u}hn, J.~H. and Rodrigo, G.",
     title     = "Charge Asymmetry in Hadroproduction of Heavy Quarks",
     journal   = "Phys. Rev. Lett.",
     volume    = "81",
     year      = "1998",
     pages     = "49-52",
     eprint    = "hep-ph/9802268",
     SLACcitation  = "%%CITATION = HEP-PH 9802268;%"
}
@Article{kuehn_rodrigo_prd,
     author    = "K{\"u}hn, J.~H. and Rodrigo, G.",
     title     = "Charge Asymmetry of Heavy Quarks at Hadron Colliders",
     journal   = "Phys. Rev. D",
     volume    = "59",
     year      = "1999",
     pages     = "054017",
     eprint    = "hep-ph/9807420",
     SLACcitation  = "%%CITATION = HEP-PH 9807420;%"
}
@Article{heinemeyer_weiglein_jhep02,
     author    = "Heinemeyer, S. and Weiglein, G.",
     title     = "Leading Electroweak Two Loop Corrections to Precision 
                  Observables in the MSSM",
     journal   = "J. High Energy Phys.",
     volume    = "0210",
     year      = "2002",
     pages     = "072",
     eprint    = "hep-ph/0209305",
     SLACcitation  = "%%CITATION = HEP-PH 0209305;%"
}
@Article{martinez_miquel,
     author    = "Martinez, M. and Miquel, R.",
     title     = "Multiparameter Fits to the $t\bar{t}$ Threshold 
                  Observables at a Future $e^+e^-$ Linear Collider",
     journal   = "Eur. Phys. J. C",
     volume    = "27",
     year      = "2003",
     pages     = "49-55",
     eprint    = "hep-ph/0207315",
     SLACcitation  = "%%CITATION = HEP-PH 0207315;%"
}
@Article{barbieri_beccaria,
     author    = "Barbieri, R. and Beccaria, M. and Ciafaloni, P. and 
                  Curci, G. and Vicere, A.",
     title     = "Two Loop Heavy Top Effects in the Standard Model",
     journal   = "Nucl. Phys. B",
     volume    = "409",
     year      = "1993",
     pages     = "105",
}
@Article{fleischer_jegerlehner,
     author    = "Fleischer, J. and Jegerlehner, F. and Tarasov, O.~V.",
     title     = "Two Loop Heavy Top Corrections to the Rho Parameter:
                  A Simple Formula Valid for Arbitrary Higgs Mass",
     journal   = "Phys. Lett. B",
     volume    = "319",
     year      = "1993",
     pages     = "249",
}
@Article{willenbrock_0211067,
     author    = "Willenbrock, S.",
     title     = "The Standard Model and the Top Quark",
     journal   = "Lectures presented at the 12th Advanced Study Institute on 
                  Techniques and Concepts of High Energy Physics, 
                  St. Croix, U.S. Virgin Islands, 2002,",
     eprint    = "hep-ph/0211067",
     SLACcitation  = "%%CITATION = HEP-PH 0211076;%"
}
@Article{bauer_orr_01,
     author    = "Baur, U. and Buice, M. and Orr, L.~H.",
     title     = "Direct measurement of the top quark charge at 
                  hadron colliders",
     journal   = "Phys. Rev. D",
     volume    = "64",
     year      = "2001",
     pages     = "094019",
     eprint    = "hep-ph/0106341",
     SLACcitation  = "%%CITATION = HEP-PH 0106341;%"
}
@Article{willenbrock_revmodephys2000,
     author    = "Willenbrock, S.",
     title     = "Studying the Top Quark",
     journal   = "Rev. Mod. Phys.",
     volume    = "72",
     year      = "2000",
     pages     = "1141-1148",
     eprint    = "hep-ph/0008189",
     SLACcitation  = "%%CITATION = HEP-PH 0008189;%"
}
@Article{factorisation_proof,
     author    = "Collins, J.~C. and Soper, D.~E.",
     title     = "The Theorems of Perturbative QCD",
     journal   = "Ann. Rev. Nucl. Part. Sci.",
     volume    = "37",
     year      = "1987",
     pages     = "383",
}
@Article{dis_review,
     author    = "Cooper-Sarkar, A.~M. and Devenish, R.~C.~E. 
                  and De~Roeck, A.",
     title     = "Structure Functions of the Nucleon and their 
                  Interpretation",
     journal   = "Int. J. Mod. Phys. A",
     volume    = "13",
     year      = "1998",
     pages     = "3385-3586",
     eprint    = "hep-ph/9712301",
     SLACcitation  = "%%CITATION = HEP-PH 9712301;%"
}
@Article{cteq02,
     author    = "Pumplin, J. and Stump, D.~R. and Huston, J. and Lai, H.~L.
                  and Nadolsky, P. and Tung, W.~K.",
     title     = "New Generation of Parton Distributions with 
                  Uncertainties from Global QCD Analysis",
     journal   = "J. High Energy Phys.",
     volume    = "0207",
     year      = "2002",
     pages     = "012",
     eprint    = "hep-ph/0201195",
     SLACcitation  = "%%CITATION = HEP-PH 0201195;%"
}
@Article{mrst04,
     author    = "Martin, A.~D. and Roberts, R.~G. and Stirling, W.~J.
                  and Thorne, R.~S.",
     title     = "Physical Gluons and High $E_T$ Jets",
     journal   = "Phys. Lett. B",
     volume    = "604",
     year      = "2004",
     pages     = "61",
     eprint    = "hep-ph/0410230",
     SLACcitation  = "%%CITATION = HEP-PH 0410230;%"
}
@Article{mrst02,
     author    = "Martin, A.~D. and Roberts, R.~G. and Stirling, W.~J.
                  and Thorne, R.~S.",
     title     = "Uncertainties of predictions from parton distrbutions,
                  I. Experimental errors",
     journal   = "Eur. Phys. J. C",
     volume    = "28",
     year      = "2003",
     pages     = "455",
     eprint    = "hep-ph/0211080",
     SLACcitation  = "%%CITATION = HEP-PH 0211080;%"
}
@Article{pdf_error_zeus,
     author    = "Chekanov, S. and others",
 collaboration = "ZEUS",
     title     = "An NLO QCD analysis of inclusive cross-section and 
                  jet-production data from the ZEUS experiment",
     journal   = "Eur. Phys. J. C",
     volume    = "42",
     year      = "2005",
     pages     = "1",
     eprint    = "hep-ex/0503274",
     SLACcitation  = "%%CITATION = HEP-EX 0503274;%"
}
@Article{pdf_error_h1,
     author    = "Adloff, C. and others",
 collaboration = "H1",
     title     = "Deep Inelastic Inclusive $eP$ Scattering at low $x$ and a 
                  Determination of $\alpha_s$",
     journal   = "Eur. Phys. J. C",
     volume    = "21",
     year      = "2001",
     pages     = "33-61",
     eprint    = "hep-ex/0012053",
     SLACcitation  = "%%CITATION = HEP-EX 0012053;%"
}
@Article{pascaud_zomer,
     author    = "Pascaud, C. and Zomer, F.",
     title     = "QCD Analysis from the Proton Structure Function $F_2$ 
                  Measurement: Issues on Fitting, Statistical and 
                  Systematic Errors",
     journal   = "LAL-95-05, 1995 (unpublished)",
}
@Article{pdf_error_aq,
     author    = "Quadt, A.",
     title     = "Measurement and QCD Analysis of the Proton Structure Function
                  $F_2$ from the 1994 HERA Data using the ZEUS Detector",
     journal   = "Ph.D. Thesis, Oxford University, RAL-TH-97-004, 
                  DESY-THESIS-1998-007, 1996",
}
@Article{pdf_error_1,
     author    = "Giele, W.~T. and Keller, S.~A. and Kosower, D.~A.",
     title     = "Parton distribution function uncertainties",
     year      = "2001",
     eprint    = "hep-ph/0104052",
     SLACcitation  = "%%CITATION = HEP-PH 0104052;%"
}
@Article{pdf_error_2,
     author    = "Giele, W.~T. and Keller, S.~A.",
     title     = "Implications of hadron collider observables on 
                  parton distribution function uncertainties",
     journal   = "Phys. Rev. D",
     volume    = "58",
     year      = "1998",
     pages     = "094023",
     eprint    = "hep-ph/9803393",
     SLACcitation  = "%%CITATION = HEP-PH 9803393;%"
}
@Article{pdf_error_3,
     author    = "Stump, D. and Pumplin, J. and Brock, R. and Casey, D. and
                  Huston, J. and Kalk, J. and Lai, H.~L. and Tung, W.~K.",
     title     = "Uncertainties of predictions from parton distribution
                  functions, I. The lagrange multiplier method",
     journal   = "Phys. Rev. D",
     volume    = "65",
     year      = "2002",
     pages     = "014012",
     eprint    = "hep-ph/0101051",
     SLACcitation  = "%%CITATION = HEP-PH 0101051;%"
}
@Article{pdf_error_4,
     author    = "Stump, D. and Pumplin, J. and Brock, R. and Casey, D. and
                  Huston, J. and Kalk, J. and Lai, H.~L. and Tung, W.~K.",
     title     = "Uncertainties of predictions from parton distribution
                  functions, II. The hessian method",
     journal   = "Phys. Rev. D",
     volume    = "65",
     year      = "2002",
     pages     = "014013",
     eprint    = "hep-ph/0101032",
     SLACcitation  = "%%CITATION = HEP-PH 0101032;%"
}
@Article{cteq6,
     author    = "Pumplin, J. and Stump, D.~R. and Lai, H.~L. and Nadolsky, P.
                  and Tung, W.~K.",
     title     = "New generation of parton distributions with uncertainties 
                  from global QCD analysis",
     journal   = "J. High Energy Phys.",
     volume    = "0207",
     year      = "2002",
     pages     = "012",
     eprint    = "hep-ph/0201195",
     SLACcitation  = "%%CITATION = HEP-PH 0201195;%"
}
@Article{pdf_error_6,
     author    = "Botje, M.",
     title     = "A QCD analysis of HERA and fixed target structure 
                  function data",
     journal   = "Eur. Phys. J. C",
     volume    = "14",
     year      = "2000",
     pages     = "285",
     eprint    = "hep-ph/9912439",
     SLACcitation  = "%%CITATION = HEP-PH 9912439;%"
}
@Article{pdf_error_7,
     author    = "Alekhin, S.~I.",
     title     = "Statistical properties of the estimator using covariance
                  matrix",
     eprint    = "hep-ex/0005042",
     year      = "2000",
     SLACcitation  = "%%CITATION = HEP-EX 0005042;%"
}
@Article{pdf_error_8,
     author    = "Alekhin, S.~I.",
     title     = "Parton Distributions from Deep Inelastic Scattering Data",
     journal   = "Phys. Rev. D",
     volume    = "68",
     year      = "2003",
     pages     = "014002",
     eprint    = "hep-ph/0211096",
     SLACcitation  = "%%CITATION = HEP-PH 0211096;%"
}
@Article{h1_f2_1,
     author    = "Adloff, C. and others",
 collaboration = "H1",
     title     = "Measurement and QCD Analysis of Neutral and Charged 
                  Current Cross-Sections at HERA",
     journal   = "Eur. Phys. J. C",
     volume    = "30",
     year      = "2003",
     pages     = "1-32",
     eprint    = "hep-ex/0304003",
     SLACcitation  = "%%CITATION = HEP-EX 0304003;%"
}
@Article{zeus_f2_1,
     author    = "Chekanov, S. and others",
 collaboration = "ZEUS",
     title     = "Measurement of the Neutral Current Cross-Section and $F_2$
                  Structure Function for Deep Inelastic $e^+P$ Scattering 
                  at HERA",
     journal   = "Eur. Phys. J. C",
     volume    = "21",
     year      = "2001",
     pages     = "443-471",
     eprint    = "hep-ex/0105090",
     SLACcitation  = "%%CITATION = HEP-EX 0105090;%"
}
@Article{zeus_f2_2,
     author    = "Chekanov, S. and others",
 collaboration = "ZEUS",
     title     = "High $Q^2$ Neutral Current Cross-Sections in $e^+P$ Deep 
                  Inelastic Scattering at $\sqrt{s}=318\;\rm GeV$",
     journal   = "Phys. Rev. D",
     volume    = "70",
     year      = "2004",
     pages     = "052001",
     eprint    = "hep-ex/0401003",
     SLACcitation  = "%%CITATION = HEP-EX 0401003;%"
}
@Article{gluon_resum_1,
     author    = "Sterman, G.",
     title     = "Summation of Large Corrections to Short Distance 
                  Hadronic Cross-Sections",
     journal   = "Nucl. Phys. B",
     volume    = "281",
     year      = "1987",
     pages     = "310",
}
@Article{gluon_resum_2,
     author    = "Catani, S. and Trentadue, L.",
     title     = "Resummation of the QCD Perturbative Series for Hard 
                  Processes",
     journal   = "Nucl. Phys. B",
     volume    = "327",
     year      = "1989",
     pages     = "323",
}
@Article{ttbar_resum_1,
     author    = "Catani, S. and Mangano, M.~L. and 
                  Nason, P. and Trentadue, L.",
     title     = "The Resummation of Soft Gluons in Hadronic Collisions",
     journal   = "Nucl. Phys. B",
     volume    = "478",
     year      = "1996",
     pages     = "273",
     eprint    = "hep-ph/9604351",
     SLACcitation  = "%%CITATION = HEP-PH 9604351;%"
}
@Article{ttbar_resum_0,
     author    = "Catani, S. and Mangano, M.~L. and 
                  Nason, P. and Trentadue, L.",
     title     = "The Top Cross-Section in Hadronic Collisions",
     journal   = "Phys. Lett. B",
     volume    = "378",
     year      = "1996",
     pages     = "329-336",
     eprint    = "hep-ph/9602208",
     SLACcitation  = "%%CITATION = HEP-PH 9602208;%"
}
@Article{ttbar_resum_2,
     author    = "Cacciari, M. and Corcella, G. and Mitov, A.~D.",
     title     = "Soft Gluon Resummation for Bottom Fragmentation in 
                  Top Quark Decay",
     journal   = "J. High Energy Phys.",
     volume    = "0212",
     year      = "2002",
     pages     = "015",
     eprint    = "hep-ph/0209204",
     SLACcitation  = "%%CITATION = HEP-PH 0209204;%"
}
@Article{colour_structure_1,
     author    = "Kidonakis, N. and Sterman, G.",
     title     = "Subleading Logarithms in QCD Hard Scattering",
     journal   = "Phys. Lett. B",
     volume    = "387",
     year      = "1996",
     pages     = "867-874",
}
@Article{colour_structure_2,
     author    = "Kidonakis, N. and Sterman, G.",
     title     = "Resummation for QCD Hard Scattering",
     journal   = "Nucl. Phys. B",
     volume    = "505",
     year      = "1997",
     pages     = "321-348",
     eprint    = "hep-ex/9705234",
     SLACcitation  = "%%CITATION = HEP-EX 9705234;%"
}
@Article{kidonakis_smith,
     author    = "Kidonakis, N. and Smith, J. and Vogt, R.",
     title     = "Resummed Heavy Quark Production Cross-Sections to 
                  Next-to-Leading Logarithm",
     journal   = "Phys. Rev. D",
     volume    = "56",
     year      = "1997",
     pages     = "1553-1570",
     eprint    = "hep-ph/9608343",
     SLACcitation  = "%%CITATION = HEP-PH 9608343;%"
}
@Article{kidonakis_1998,
     author    = "Kidonakis, N.",
     title     = "Resummation of Next-to-Leading Logarithms in Top 
                  Quark Production",
     journal   = "Nucl. Phys. Proc. Suppl.",
     volume    = "64",
     year      = "1998",
     pages     = "402-405",
     eprint    = "hep-ph/9708439",
     SLACcitation  = "%%CITATION = HEP-PH 9708439;%"
}
@Article{laenen_sterman,
     author    = "Laenen, E. and Oderda, G. and Sterman, G.",
     title     = "Resummation of Threshold Corrections for Single Particle 
                  Inclusive Cross-Sections",
     journal   = "Phys. Lett. B",
     volume    = "438",
     year      = "1998",
     pages     = "173",
     eprint    = "hep-ph/9806467",
     SLACcitation  = "%%CITATION = HEP-PH 9806467;%"
}
@Article{catani_2000,
     author    = "Catani, S.",
     title     = "Aspects of QCD, From the Tevatron to the LHC",
     journal   = "Proceedings of Workshop on Physics at TeV Colliders, 
                  Les Houches, France, 1999, edited by Fronti{\`e}res 
                  (Gif-sur-Yvette, 1999),",
     eprint    = "hep-ph/0005233",
     SLACcitation  = "%%CITATION = HEP-PH 0005233;%"
}
@Article{belyaev,
     author    = "Belyaev, A. and Boos, E.",
     title     = "Single Top Quark $tW + X$ Production at the LHC:
                  A Closer Look",
     journal   = "Phys. Rev. D",
     volume    = "63",
     year      = "2001",
     pages     = "034012",
     eprint    = "hep-ph/0003260",
     SLACcitation  = "%%CITATION = HEP-PH 0003260;%"
}
@Article{collins_soper_sterman,
     author    = "Collins, J.~C. and Soper, D.~E. and Sterman, G.",
     title     = "Heavy Particle Production in High-Energy Hadron Collisions",
     journal   = "Nucl. Phys. B",
     volume    = "263",
     year      = "1986",
     pages     = "37",
}
@Article{ellis_stirling_webber,
     author    = "Ellis, R.~K. and Stirling, W.~J. and Webber, B.~R.",
     title     = "QCD and Collider Physics",
     journal   = "Cambridge Monographs on Particle Physics, 
                  Nuclear Physics and Cosmology (Cambridge University Press, 
                  Cambridge, 1996)",
}
@Article{tune_a,
     author    = "Ellis, R.~K. and Field, R. and others",
     title     = "Report on the QCD Tools Working Group",
     journal   = "Proceedings of the Workshop on `QCD and Weak Boson 
                  Physics in Run II', Fermilab, March - November 1999",
     year      = "2000",
     pages     = "47",
     eprint    = "hep-ph/0011122",
     SLACcitation  = "%%CITATION = HEP-PH 0011122;%"
}
@Article{jimmy1,
     author    = "Butterworth, J.~M. and Foreshaw, J.~R. and Seymour, M.~H.",
     title     = "Multiparton Interactions in Photoproduction at HERA",
     journal   = "Z. Phys. C",
     volume    = "72",
     year      = "1996",
     pages     = "637",
     eprint    = "hep-ph/9601371",
     SLACcitation  = "%%CITATION = HEP-PH 9601371;%"
}
@Article{jimmy2,
     author    = "Butterworth, J.~M. and and Seymour, M.~H.",
     title     = "Multiparton Interactions in HERWIG: JIMMY",
     journal   = "Proceedings of the CERN-DESY workshop on HERA and the LHC, 
                  2005",
}
@Article{geant3,
     author    = "Brun, R. and others",
     title     = "Simulation program for particle physics experiments,
                  GEANT: user guide and reference manual",
     journal   = "CERN DD 78-2, 1978 (unpublished)",
}
@Article{geant4,
     author    = "Agostinelli, S. and others",
 collaboration = "Geant4",
     title     = "GEANT4: A Simulation Toolkit",
     journal   = "Nucl. Instrum. Methods A",
     volume    = "506",
     year      = "2003",
     pages     = "250-303",
}
@Article{bowsen_ellis_rainwater,
     author    = "Bowen, M.~T. and Ellis, S.~D. and Rainwater, D.",
     title     = "Standard Model Top Quark Asymmetry at the Fermilab Tevatron",
     journal   = "Phys. Rev. D",
     volume    = "73",
     pages     = "014008",
     year      = "2006",
     eprint    = "hep-ph/0509267",
     SLACcitation  = "%%CITATION = HEP-PH 0509267;%"
}


%======================================================
%= Chapter 3 - Accelerator and Detectors ==============
%======================================================
@Article{tevatron1,
     author    = "Edwards, H.~T.",
     title     = "The Tevatron Energy Doubler: A Superconducting Accelerator",
     journal   = "Annu. Rev. Nucl. Part. Sci.",
     volume    = "35",
     year      = "1985",
     pages     = "605-660"
}
@Article{tevatron2,
     author    = "{The Fermilab Beams Division, TeV-I Group}",
     title     = "Design Report Tevatron 1 Project",
     journal   = "FERMILAB-DESIGN-1984-01 (unpublished)",
     year      = "1984"
}
@Article{stoch_cooling,
     author    = "M{\"o}hl, D. and Petrucci, G. and Thorndahl, L. and 
                  van~der~Meer, S.",
     title     = "Physics and technique of stochastic cooling",
     journal   = "Phys. Rep.",
     volume    = "58",
     year      = "1980",
     pages     = "73",
}
@Article{beams_division,
     author    = "{Fermilab Beams Division}",
     title     = "http://www-bdnew.fnal.gov/pbar/AEMPlots",
}
@Article{spalding_tevupgrade1,
     author    = "Bhat, P.~C. and Spalding, W.~J.",
     title     = "Fermilab Collider Run II: Accelerator Status and Upgrades",
     journal   = "Proceedings of the 15th Topical Conference on Hadron 
                  Collider 
                 Physics, HCP2004, Michigan State University, East Lansing,
                 MI, June 14-18",
     year      = "2004",
     eprint    = "hep-ex/0410046",
     SLACcitation  = "%%CITATION = HEP-EX 0410046;%%"
}
@Article{spalding_tevupgrade2,
     author    = "Shiltsev, V.",
     title     = "Status of Tevatron Collider Run II and Novel
                 Technologies for Luminosity Upgrades",
     journal   = "Proc. 2004 European Accelerator Conference, Lucern, 
                  Switzerland",
     volume    = "1",
     year      = "2004",
     pages     = "239",
}
@Article{spalding_tevupgrade3,
     author    = "Jackson, G.",
     title     = "Fermilab Recycler Ring Technical Design Report",
     journal   = "Fermilab-TM-1991, Fermilab (unpublished)",
     year      = "1996",
}
@Article{spalding_tevupgrade4,
     author    = "{Fermilab Beams Division Run II}",
     title     = "Run II Handbook",
     journal   = "http://www-bd.fnal.gov/runII/index.html,\\
                  http://www-bd.fnal.gov/lug",
     year      = "2001",
}
@Article{electron_cooling,
     author    = "Budker, A.~M.",
     title     = "The Principle of Electron Cooling",
     journal   = "Atomnaja Energija",
     volume    = "22",
     year      = "1967",
     pages     = "246",
}
@Article{cdf_detector1_1,
     author    = "Abe, F. and others",
 collaboration = "CDF",
     title     = "The CDF detector: an overview",
     journal   = "Nucl. Instrum. Methods A",
     volume    = "271",
     year      = "1988",
     pages     = "387",
}
@Article{cdf_detector1_2,
     author    = "Amidei, D. and others",
 collaboration = "CDF",
     title     = "The Silicon Vertex Detector of the Collider 
                  Detector at Fermilab",
     journal   = "Nucl. Instrum. Methods A",
     volume    = "350",
     year      = "1994",
     pages     = "73",
}
@Article{cdf_detector2,
     author    = "Antos, J. and others",
 collaboration = "CDF",
     title     = "The SVX II silicon vertex detector upgrade at CDF",
     journal   = "Nucl. Instrum. Methods A",
     volume    = "360",
     year      = "1995",
     pages     = "118",
}
@Article{d0_detector,
     author    = "Abachi, S. and others",
 collaboration = "\dzero",
     title     = "The \dzero\ detector",
     journal   = "Nucl. Instrum. Methods A",
     volume    = "338",
     year      = "1994",
     pages     = "185",
}
@Article{cdf_upgrade1,
     author    = "Newman-Holmes, C. and others",
 collaboration = "CDF",
     title     = "The CDF Upgrade",
     journal   = "Fermilab-Conf-96-218-E, 1996 (unpublished)",
}
@Article{cdf_upgrade2,
     author    = "Blair, R. and others",
 collaboration = "CDF",
     title     = "The CDF-II Detector: Technical Design Report",
     journal   = "Fermilab-Pub-96-390-E, 1996 (unpublished)",
}
@Article{d0_upgrade,
     author    = "Abachi, S. and others",
 collaboration = "\dzero",
     title     = "The \dzero\ Upgrade: The Detector and its Physics",
     journal   = "Fermilab-PUB-96-357-E, 1996 (unpublished)",
}
@Article{diehl2000,
     author    = "LeCompte, T. and Diehl, T.",
     title     = "The CDF and \dzero\ Upgrades for Run~II",
     journal   = "Ann. Rev. Nucl. Part. Sci.",
     volume    = "50",
     year      = "2000",
     pages     = "71-117",
}
@Article{cdf_lumi,
     author    = "Acosta, D. and others",
 collaboration = "CDF",
     title     = "The CDF Cherenkov luminosity monitor",
     journal   = "Nucl. Instrum. Methods A",
     volume    = "461",
     year      = "2001",
     pages     = "540",
}
@Article{cdf_svx,
     author    = "Sill, A. and others",
 collaboration = "CDF",
     title     = "CDF Run II silicon tracking projects",
     journal   = "Nucl. Instrum. Methods A",
     volume    = "447",
     year      = "2000",
     pages     = "1",
}
@Article{cdf_drift,
     author    = "Affolder, T. and others",
 collaboration = "CDF",
     title     = "CDF Central Outer Tracker",
     journal   = "Nucl. Instrum. Methods A",
     volume    = "526",
     year      = "2004",
     pages     = "249",
}
@Article{cdf_tof,
     author    = "Acosta, D. and others",
 collaboration = "CDF",
     title     = "A Time-of-Flight detector in CDF-II",
     journal   = "Nucl. Instrum. Methods A",
     volume    = "518",
     year      = "2004",
     pages     = "605",
}
@Article{cdf_ecal,
     author    = "Balka, L. and others",
 collaboration = "CDF",
     title     = "The CDF central electromagnetic calorimeter",
     journal   = "Nucl. Instrum. Methods A",
     volume    = "267",
     year      = "1988",
     pages     = "272",
}
@Article{cdf_hcal,
     author    = "Bertolucci, S. and others",
 collaboration = "CDF",
     title     = "The CDF central and endwall hadron calorimeter",
     journal   = "Nucl. Instrum. Methods A",
     volume    = "267",
     year      = "1988",
     pages     = "301",
}
@Article{cdf_plug_hcal,
     author    = "Albrow, M. and others",
 collaboration = "CDF",
     title     = "The CDF plug upgrade electromagnetic calorimeter: 
                  test beam results",
     journal   = "Nucl. Instrum. Methods A",
     volume    = "480",
     year      = "2002",
     pages     = "524",
}
@Article{d0run2_nim,
     author    = "Abazov, V.~M. and others",
 collaboration = "\dzero",
     title     = "The Upgraded \dzero\ Detector",
     journal   = "Nucl. Instrum. Methods A",
     volume    = "565",
     pages     = "463-537",
     year      = "2006",
     eprint    = "physics/0507191",
 SLACcitation  = "%%CITATION = PHYSICS 0507191;%%"
}
@Article{d0_runiib,
     author    = "Abazov, V.~M. and others",
 collaboration = "\dzero",
     title     = "\dzero\ Run IIB Upgrade Technical Design Report",
     journal   = "Fermilab-PUB-02-327-E, Fermilab (unpublished)",
     year      = "2002",
}
@Article{proceed_breese,
     author    = "Quinn, B.",
     title     = "Upgrade of the \dzero\ Detector: The Tevatron Beyond 
                 $2\;\rm fb^{-1}$",
     journal   = "Int. J. Mod. Phys. A",
     pages     = "3793-3795",
     year      = "2005",
     eprint    = "hep-ex/0501055",
 SLACcitation  = "%%CITATION = HEP-EX 0501055;%%"
}
@Article{d0_lumi_group,
     author    = "Edwards, T. and others",
 collaboration = "\dzero",
     title     = "Determination of the effective inelastic $p\bar{p}$
                  cross-section for the \dzero\ Run II luminosity
                  measurement.",
     journal   = "Fermilab-TM-2278-E, Fermilab (unpublished)",
     year      = "2004",
}
@Article{atlas_physics_tdr,
 collaboration = "ATLAS",
     title     = "ATLAS Detector and Physics Performance TDR, 
                  Volume I+II",
     journal   = "CERN/LHCC 99-14/15, 1999 (unpublished)",
}
@Article{cms_physics_tdr,
 collaboration = "CMS",
     title     = "CMS Detector and Physics Performance TDR, 
                  Volume I+II (unpublished, in preparation)",
     journal   = "CERN/LHCC, 2006 (unpublished)",
}
@Article{beneke00,
     author    = "Beneke, M. and Efthymiopoulos, I. and Mangano, M.~L.
                  Womersley, J. and others",
     title     = "Top Quark Physics",
     journal   = "in {\it Proceedings of 1999 CERN Workshop on Standard 
                  Model Physics (and more) at the LHC, 2000\rm}, 
                  edited by G. Altarelli, M.L. Mangano,",
     eprint    = "hep-ph/0003033",
     SLACcitation  = "%%CITATION = HEP-PH 0003033;%%"
}
@Article{cdf_jets,
     author    = "Abe, F.  and others",
 collaboration = "CDF",
     title     = "Topology of three-jet events in $p\bar{p}$ collisions at
                  $\sqrt{s}=1.8\;\rm TeV$",
     journal   = "Phys. Rev. D",
     volume    = "45",
     year      = "1992",
     pages     = "1448",
}
@Article{jean_roche_vlimant_phd,
     author    = "Vlimant, J.~R.",
     title     = "Mesure de la section efficace de production de pairs de 
                  quarks top/anti-top dans des collisions protons/anti-proton
                  {\`a} $\sqrt{s}$ {\'e}gale $1.96\;\rm TeV$ aupr{\`e}s de 
                  l'exp{\'e}rience \dzero",
     journal   = "Ph.D. thesis, l'Universit{\'e} Paris VI - 
                  Pierre et Marie Curie, 2005",
}
@Article{abazov_tau_identification,
     author    = "Abazov, V.~M. and others",
 collaboration = "\dzero",
     title     = "Measurement of $\sigma(p\bar{p} \rightarrow Z) 
                  \cdot Br(Z \rightarrow \tau \tau)$ at 
                  $\sqrt{s} = 1.96\;\rm TeV$",
     journal   = "Phys. Rev. D",
     volume    = "71",
     year      = "2005",
     pages     = "072004",
     eprint    = "hep-ex/0412020",
     SLACcitation  = "%%CITATION = HEP-EX 0412020;%%"
}
@Article{jlip,
     author    = "Greder, S.",
     title     = "{\'E}tiquetage des quarks beaux et mesure de la section 
                  efficace de production de paires de quarks top {\`a} 
                  $\sqrt{s}=1.96\;\rm TeV$ dans l'exp{\'e}rience \dzero",
     journal   = "Ph.D. thesis, Universit{\'e} Louis Pasteur, Strasbourg
                  IRES 05-006 $\rm N^o$ d'ordre ULP 4652, 2005",
}




%======================================================
%= Chapter 4 - tt Xsec Measurement ====================
%======================================================
@Article{higgs_hunters_guide,
     author    = "Gunion, J.~F. and others",
     title     = "The Higgs Hunters Guide",
     journal   = "(Addison-Wesley, Redwood City, California, 1990)",
}
@Article{ttxsec_theory1,
     author    = "Bonciani, R. and Catani, S. and Mangano, M.~L. and 
                  Nason, P.",
     title     = "NLL Resummation of Heavy Quark Hadroproduction 
                  Cross-Section",
     journal   = "Nucl. Phys. B",
     volume    = "529",
     year      = "1998",
     pages     = "424",
     eprint    = "hep-ph/9801375",
     SLACcitation  = "%%CITATION = HEP-PH 9801375;%%"
}
@Article{ttxsec_theory2,
     author    = "Cacciari, M. and Frixione, S. and Mangano, M.~L. and 
                  Nason, P. and Ridolfi, G",
     title     = "The $t\bar{t}$ cross-section at $1.8$ and $1.96\;\rm TeV$: 
                  a study of the systematics due to parton densities and 
                  scale dependence",
     journal   = "J. High Energy Phys.",
     volume    = "0404",
     year      = "2004",
     pages     = "068",
     eprint    = "hep-ph/0303085",
     SLACcitation  = "%%CITATION = HEP-PH 0303085;%%"
}
@Article{ttxsec_theory3,
     author    = "Kidonakis, N. and Vogt, R.",
     title     = "Next-to-next-to-leading order soft-gluon corrections in 
                  top quark hadroproduction",
     journal   = "Phys. Rev. D",
     volume    = "68",
     year      = "2003",
     pages     = "114014",
     eprint    = "hep-ph/0308222",
     SLACcitation  = "%%CITATION = HEP-PH 0308222;%%"
}
@Article{kidonakis_total_error,
     author    = "Kidonakis, N.",
     title     = "Total uncertainty on the $t\bar{t}$ Cross Section 
                  Calculation",
     journal   = "(private communication, 2005)",
}
@Article{d0_hepex_0603029,
     author    = "Abazov, V.~M. and others",
 collaboration = "\dzero",
     title     = "First Direct Two-Sided Bound on the $B_s^0$ 
                  Oscillation Frequency",
     journal   = "Phys. Rev. Lett.",
     volume    = "97",
     pages     = "021802",
     year      = "2006",
     eprint    = "hep-ex/0603029",
 SLACcitation  = "%%CITATION = HEP-EX 0603029;%%"
}
@Article{hepph_0001286,
     author    = "Hoang, A.~H. and Beneke, M. and Melnikov, K. and
                  Nagano, T. and Ota, A. and Penin, A.~A. and
                  Pivovarov, A.~A. and Signer, A. and Smirnov, V.~A.
                  and Sumino, Y. and Teubner, T. and Yakovlev, O.
                  and Yelkhovsky, A.",
     title     = "Top-Antitop Pair Production close to Threshold: 
                  Synopsis of recent NNLO Results",
     journal   = "Eur. Phys. J. direct C",
     volume    = "2",
     year      = "2000",
     pages     = "1",
     eprint    = "hep-ph/0001286",
 SLACcitation  = "%%CITATION = HEP-PH 0001286;%%"
}
@Article{hepph_0011254,
     author    = "Hoang, A.~H. and Manohar, A.~V. and Stewart I.~W.
                  and Teubner, T.",
     title     = "A Renormalization Group Improved Calculation 
                  of Top Quark Production near Threshold",
     journal   = "Phys. Rev. Lett.",
     volume    = "86",
     year      = "2001",
     pages     = "1951",
     eprint    = "hep-ph/0011254",
 SLACcitation  = "%%CITATION = HEP-PH 0011254;%%"
}
@Article{ttxsec_theory4,
     author    = "Kidonakis, N.",
     title     = "High Order Corrections and Subleading Logarithms for 
                  Top Quark Production",
     journal   = "Phys. Rev. D",
     volume    = "64",
     year      = "2001",
     pages     = "014009",
     eprint    = "hep-ph/0010002",
     SLACcitation  = "%%CITATION = HEP-PH 0010002;%%"
}
@Article{ttxsec_theory5,
     author    = "Kidonakis, N. and Vogt, R.",
     title     = "Top Quark Production at the Tevatron at NNLO",
     journal   = "Eur. Phys. J. C",
     volume    = "33",
     year      = "2004",
     pages     = "s466-s468",
     eprint    = "hep-ph/0309045",
     SLACcitation  = "%%CITATION = HEP-PH 0309045;%%"
}
@Article{Laenen:1994,
     author    = "Laenen, E. and Smith, J. and van~Neerven, W.~L.",
     title     = "Top quark production cross-section",
     journal   = "Phys. Lett. B",
     volume    = "321",
     year      = "1994",
     pages     = "254-258",
     eprint    = "hep-ph/9310233",
     SLACcitation  = "%%CITATION = HEP-PH 9310233;%%"
}
@Article{ttbar_reso1,
     author    = "Hill, C.~T.",
     title     = "Topcolor: top quark condensation in a gauge 
                  extension of the standard model",
     journal   = "Phys. Lett. B",
     volume    = "266",
     year      = "1991",
     pages     = "419-424",
}
@Article{ttbar_reso2,
     author    = "Hill, C.~T. and Parke, S.~J.",
     title     = "Top quark production: Sensitivity to new physics",
     journal   = "Phys. Rev. D",
     volume    = "49",
     year      = "1994",
     pages     = "4454-4462",
     eprint    = "hep-ph/9312324",
     SLACcitation  = "%%CITATION = HEP-PH 9312324;%%"
}
@Article{ttbar_reso2_1,
     author    = "Eichten, E. and Lane, K.~D.",
     title     = "Multiscale Technicolor and Top Production",
     journal   = "Phys. Lett. B",
     volume    = "327",
     year      = "1994",
     pages     = "129-135",
     eprint    = "hep-ph/9401236",
     SLACcitation  = "%%CITATION = HEP-PH 9401236;%%"
}
@Article{ttbar_reso3,
     author    = "Hill, C.~T.",
     title     = "Topcolor assisted technicolor",
     journal   = "Phys. Lett. B",
     volume    = "345",
     year      = "1995",
     pages     = "483-489",
     eprint    = "hep-ph/9411426",
     SLACcitation  = "%%CITATION = HEP-PH 9411426;%%"
}
@Article{ttbar_reso4,
     author    = "Bernreuther, W. and Flesch, M. and Haberl, P.",
     title     = "Signatures of Higgs bosons in the top quark 
                  decay channel at hadron colliders",
     journal   = "Phys. Rev. D",
     volume    = "58",
     year      = "1998",
     pages     = "114031",
     eprint    = "hep-ph/9709284",
     SLACcitation  = "%%CITATION = HEP-PH 9709284;%%"
}
@Article{vplusa_bernreuther,
     author    = "Bernreuther, W. and {F\"ucker}, M. and Umeda, Y.",
     title     = "Semileptonic decays of polarised top quarks: 
                  V+A admixture and QCD corrections",
     journal   = "Phys. Lett. B",
     volume    = "582",
     year      = "2004",
     pages     = "32",
     eprint    = "hep-ph/0308296",
     SLACcitation  = "%%CITATION = HEP-PH 0308296;%%"
}
@Article{bernreuther:1992be,
     author    = "Bernreuther, W. and Nachtmann, O. and Overmann, P.
                  and {Schr\"oder}, T.",
     title     = "Angular correlations and distributions for 
                  searches of CP violation in
                  top quark production and decay",
     journal   = "Nucl. Phys. B",
     volume    = "388",
     year      = "1992",
     pages     = "53",
}
@Article{tlike_other1,
     author    = "He, H.~J. and Polonsky, N. and Su, S.",
     title     = "Extra families, Higgs spectrum, and oblique corrections",
     journal   = "Phys. Rev. D",
     volume    = "64",
     year      = "2001",
     pages     = "053004",
     eprint    = "hep-ph/0102144",
     SLACcitation  = "%%CITATION = HEP-PH 0102144;%%"
}
@Article{tlike_other2,
     author    = "Novikov, V.~A. and Okun, L.~B. and Rozanov, A.~N. 
                  and Vysotsky, M.~I.",
     title     = "Extra generations and discrepancies of electroweak 
                  precision data",
     journal   = "Phys. Lett. B",
     volume    = "529",
     year      = "2002",
     pages     = "111",
     eprint    = "hep-ph/0111028",
     SLACcitation  = "%%CITATION = HEP-PH 0111028;%%"
}
@Article{tlike_other3,
     author    = "Choudhury, D. and Tait, T.~M.~P. and Wagner, C.~E.~M.",
     title     = "Beautiful mirrors and precision electroweak data",
     journal   = "Phys. Rev. D",
     volume    = "65",
     year      = "2002",
     pages     = "053002",
     eprint    = "hep-ph/0109097",
     SLACcitation  = "%%CITATION = HEP-PH 0109097;%%"
}
@Article{tlike_other4,
     author    = "Cheng, H.-C. and Low, I.",
     title     = "TeV symmetry and the little hierarchy problem",
     journal   = "J. High Energy Phys.",
     volume    = "0309",
     year      = "2003",
     pages     = "051",
     eprint    = "hep-ph/0308199",
     SLACcitation  = "%%CITATION = HEP-PH 0308199;%%"
}
@Article{susy1,
     author    = "Nilles, H.~P.",
     title     = "Supersymmetry, supergravity and particle physics",
     journal   = "Phys. Rep.",
     volume    = "110",
     year      = "1984",
     pages     = "1",
}
@Article{susy2,
     author    = "Haber, H.~E. and Kane, G.~L.",
     title     = "The search for supersymmetry: Probing physics beyond 
                  the standard model",
     journal   = "Phys. Rep.",
     volume    = "117",
     year      = "1985",
     pages     = "75",
}
@Article{acosta_tt_dilepton,
     author    = "Acosta, D. and others",
 collaboration = "CDF",
     title     = "Measurement of the $t\bar{t}$ Production Cross Section in 
                  $p\bar{p}$ Collisions at $\sqrt{s} = 1.96\;\rm TeV$ 
                  Using Dilepton Events",
     journal   = "Phys. Rev. Lett.",
     volume    = "93",
     year      = "2004",
     pages     = "142001",
     eprint    = "hep-ex/0404036",
     SLACcitation  = "%%CITATION = HEP-EX 0404036;%%"
}
@Article{campbell_ellis_99,
     author    = "Campbell, J.~M. and Ellis, R.~K.",
     title     = "Update on vector boson pair production at hadron colliders",
     journal   = "Phys. Rev. D",
     volume    = "60",
     year      = "1999",
     pages     = "113006",
     eprint    = "hep-ph/9905386",
     SLACcitation  = "%%CITATION = HEP-PH 9905386;%%"
}
@Article{smith_willenbrock,
     author    = "Smith, M.~C. and Willenbrock, S.",
     title     = "QCD and Yukawa corrections to single-top production 
                  via $q\bar{q} \rightarrow t\bar{b}$",
     journal   = "Phys. Rev. D",
     volume    = "54",
     year      = "1996",
     pages     = "6696-6702",
}
@Article{stelzer,
     author    = "Stelzer, T. and Sullivan, Z. and Willenbrock, S.",
     title     = "Single Top Quark Production via $W$-Gluon 
                  Gusion at Next-to-Leading Order",
     journal   = "Phys. Rev. D",
     volume    = "56",
     year      = "1997",
     pages     = "5919-5927",
     eprint    = "hep-ph/9705398",
     SLACcitation  = "%%CITATION = HEP-PH 9705398;%%"
}
@Article{nuissance_parameter,
     author    = "Sinervo, P.",
     title     = "Definition and Treatment of Systematic Uncertainties in
                  High Energy Physics and Astrophysics",
     journal   = "Proceedings of the Conference on
                  Statistical Problems in Particle Physics,
                  Astrophysics, and Cosmology, edited by
                  L.~Lyons, R.~Mount, and R.~Reitemeyer (SLAC, Stanford, 2003),
                  SLAC-R-703",
}
@Article{pythia,
     author    = "Sj{\"o}strand, T. and others",
     title     = "PYTHIA",
     journal   = "Comput. Phys. Commun.",
     volume    = "135",
     year      = "2001",
     pages     = "238",
     eprint    = "hep-ph/0010017",
     SLACcitation  = "%%CITATION = HEP-EX 0010017;%%"
}
@Article{alpgen,
     author    = "Mangano, M.~L. and others",
     title     = "ALPGEN, a generator for hard multiparton processes 
                  in hadronic collisions",
     journal   = "J. High Energy Phys.",
     volume    = "0307",
     year      = "2003",
     pages     = "001",
     eprint    = "hep-ph/0206293",
     SLACcitation  = "%%CITATION = HEP-PH 0206293;%%"
}
@Article{herwig1,
     author    = "Marchesini, G. and others",
     title     = "HERWIG",
     journal   = "Comput. Phys. Commun.",
     volume    = "67",
     year      = "1992",
     pages     = "465",
}
@Article{herwig2,
     author    = "Corcella, G. and others",
     title     = "HERWIG 6: an event generator for hadron emission 
                  reactions with interfering gluons (including 
                  supersymmetric processes)",
     journal   = "J. High Energy Phys.",
     volume    = "0101",
     year      = "2001",
     pages     = "010",
     eprint    = "hep-ph/0011363",
     SLACcitation  = "%%CITATION = HEP-PH 0011363;%%"
}
@Article{qq,
     author    = "Avery, P. and Read, K. and Trahern, G.",
     title     = "QQ Monte Carlo Program",
     journal   = "CLEO Report No. CSN-212, 1985 (unpublished)",
}
@Article{cteq5,
     author    = "Lai, H.~L. and others",
 collaboration = "CTEQ",
     title     = "Global QCD analysis of parton structure of the 
                  nucleon: CTEQ5 parton distributions",
     journal   = "Eur. Phys. J. C",
     volume    = "12",
     year      = "2000",
     pages     = "375",
     eprint    = "hep-ph/9903282",
     SLACcitation  = "%%CITATION = HEP-PH 9903282;%%"
}
@Article{acosta_tt_dilepton_global,
     author    = "Acosta, D. and others",
 collaboration = "CDF",
     title     = "A global analysis of the high-$p_T$ dilepton sample 
                  using $200\;\rm pb^{-1}$ of Run 2 data",
     journal   = "CDF note 7192",
     year      = "2004",
}
@Article{tauola,
     author    = "Jadach, S. and Was, Z. and Decker, R. and K{\"u}hn, J.~H.",
     title     = "The $\tau$ decay library TAUOLA, version 2.4",
     journal   = "Comp. Phys. Commun.",
     volume    = "76",
     year      = "1993",
     pages     = "361-380",
}
@Article{tauola1,
     author    = "Was, Z. and Golonka, P.",
     title     = "TAUOLA as tau Monte Carlo for future applications",
     journal   = "CERN-PH-TH/2004-23, HNINP-V-04-05",
     year      = "2004",
     eprint    = "hep-ph/0411377",
     SLACcitation  = "%%CITATION = HEP-PH 0411377;%%"
}
@Article{evtgen,
     author    = "Lange, D.~J. and others",
     title     = "The EvtGen particle decay simulation package",
     journal   = "Nucl. Instrum. Methods A",
     volume    = "462",
     year      = "2001",
     pages     = "152",
}
@Article{sherpa,
     author    = "Gleisberg, T. and Hoeche, S. and Krauss, F. and
                  Schaelicke, A. and Schumann, S. and Winter, J.",
     title     = "Event generator for LHC",
     journal   = "Nucl. Instrum. Methods A",
     volume    = "559",
     year      = "2006",
     eprint    = "hep-ph/0508315",
     SLACcitation  = "%%CITATION = HEP-PH 0508315;%%"
}
@Article{acermc1,
     author    = "Kersevan, B.~P. and Richter-Was, E.",
     title     = "The Monte Carlo event generator AcerMC version 
                  2.0 with interfaces to PYTHIA 6.2 and HERWIG 6.5",
     eprint    = "hep-ph/0405247",
     year      = "2004",
     SLACcitation  = "%%CITATION = HEP-PH 0405247;%%"
}
@Article{acermc2,
     author    = "Kersevan, B.~P. and Richter-Was, E.",
     title     = "The Monte Carlo event generator AcerMC version 
                  1.0 with interfaces to PYTHIA 6.2 and HERWIG 6.3",
     journal   = "Comput. Phys. Commun.",
     volume    = "149",
     year      = "2003",
     pages     = "142",
     eprint    = "hep-ph/0201302",
     SLACcitation  = "%%CITATION = HEP-PH 0201302;%%"
}
@Article{singletop,
     author    = "Boos, E. and Dudko, L. and Savrin, V.",
     title     = "SingleTop - an Event Generator for the Single 
                  Top Quark Production at the LHC",
     journal   = "CMS Note 2000/065, 2000 (unpublished)",
}
@Article{hepph_0603124,
     author    = "Slabopitsky, S.~R.",
     title     = "Event generators for top quark production and decays",
     journal   = "Proceedings of the International Workshop on 
                  Top Quark Physics, Coimbra, Portugal, 2006 
                  (PoS TOP2006:019, 2006),",
     eprint    = "hep-ph/0603124",
     SLACcitation  = "%%CITATION = HEP-PH 0603124;%%"
}
@Article{acosta_tt_ljets_ann,
     author    = "Acosta, D. and others",
 collaboration = "CDF",
     title     = "Measurement of the Cross Section for $t\bar{t}$ 
                  Production in $p\bar{p}$ Collisions using the Kinematics
                  of Lepton+Jets Events",
     journal   = "Phys. Rev. D",
     volume    = "72",
     year      = "2005",
     pages     = "052003",
     eprint    = "hep-ex/0504053",
     SLACcitation  = "%%CITATION = HEP-EX 0504053;%%"
}
@Article{acosta_tt_ljets_ann_update,
     author    = "Acosta, D. and others",
 collaboration = "CDF",
     title     = "Measurement of the Cross Section for $t\bar{t}$ 
                  Production in $p\bar{p}$ Collisions using the Kinematics
                  of Lepton+Jets Events",
     journal   = "CDF note 7753",
     year      = "2005",
}
@Article{acosta_tt_ljets_btag_prd,
     author    = "Acosta, D. and others",
 collaboration = "CDF",
     title     = "Measurement of the $t\bar{t}$ production cross section 
                  in $p\bar{p}$ collisions at $\sqrt{s} = 1.96\;\rm TeV$
                  using lepton + jets events with secondary vertex 
                  $b$-tagging",
     journal   = "Phys. Rev. D",
     volume    = "71",
     year      = "2005",
     pages     = "052003",
     eprint    = "hep-ex/0410041",
     SLACcitation  = "%%CITATION = HEP-EX 0410041;%%"
}
@Article{cdf_7801,
     author    = "Acosta, D. and others",
 collaboration = "CDF",
     title     = "Measurement of the $t\bar{t}$ Production Cross Section 
                  in $p\bar{p}$ collisions at $\sqrt{s} = 1.96\;\rm TeV$
                  using Lepton + Jets events with secondary vertex 
                  $b$-Tagging",
     journal   = "CDF note 7801",
     year      = "2005",
}
@Article{acosta05_1whel,
     author    = "Acosta, D. and others",
 collaboration = "CDF",
     title     = "Measurement of the $W$ Boson Polarization in Top 
                  Decay at CDF at $\sqrt{s}=1.8\;\rm TeV$",
     journal   = "Phys. Rev. D",
     volume    = "71",
     year      = "2005",
     pages     = "031101",
     eprint    = "hep-ex/0411070",
     SLACcitation  = "%%CITATION = HEP-EX 0411070;%%"
}
@Article{acosta_tt_ljets_btag_kine_prd,
     author    = "Acosta, D. and others",
 collaboration = "CDF",
     title     = "Measurement of the $t\bar{t}$ production cross section 
                  in $p\bar{p}$ collisions at $\sqrt{s} = 1.96\;\rm TeV$
                  using kinematic fitting of $b$-tagged lepton + jet events",
     journal   = "Phys. Rev. D",
     volume    = "71",
     year      = "2005",
     pages     = "072005",
     eprint    = "hep-ex/0409029",
     SLACcitation  = "%%CITATION = HEP-EX 0409029;%%"
}
@Article{cdf_7792,
     author    = "Acosta, D. and others",
 collaboration = "CDF",
     title     = "Measurement of the $t\bar{t}$ production cross section 
                  in the missing $E_T$ + jets channel",
     journal   = "CDF note 7792, 2005 (unpublished)",
}
@Article{campbell_huston,
     author    = "Campbell, J.~M. and Huston, J.",
     title     = "Heavy flavor in $W$+jets production at the Fermilab 
                  Tevatron",
     journal   = "Phys. Rev. D",
     volume    = "70",
     year      = "2004",
     pages     = "094021",
}
@Article{harris_laenen,
     author    = "Harris, B. and Laenen, E. and Phaf, E. and
                  Sullivan, Z. and Weinzierl, S.",
     title     = "Fully differential single-top-quark cross section 
                  in next-to-leading order QCD",
     journal   = "Phys. Rev. D",
     volume    = "66",
     year      = "2002",
     pages     = "054024",
     eprint    = "hep-ph/0207055",
     SLACcitation  = "%%CITATION = HEP-PH 0207055;%%"
}
@Article{acosta_tt_ljets_softmub,
     author    = "Acosta, D. and others",
 collaboration = "CDF",
     title     = "Measurement of the $t\bar{t}$ Production Cross Section 
                  in $p\bar{p}$ Collisions at $\sqrt{s} = 1.96\;\rm TeV$
                  Using Lepton Plus Jet Events with Semileptonic $B$ 
                  Decays to Muons",
     journal   = "Phys. Rev. D",
     volume    = "72",
     year      = "2005",
     pages     = "032002",
     eprint    = "hep-ex/0506001",
     SLACcitation  = "%%CITATION = HEP-EX 0506001;%%"
}
@Article{acosta_tt_ljets_jetprobtag,
     author    = "Acosta, D. and others",
 collaboration = "CDF",
     title     = "Measurement of the $t\bar{t}$ Production Cross Section 
                  in the Jet Probability Tagged Sample in $p\bar{p}$ 
                  Collisions at $\sqrt{s} = 1.96\;\rm TeV$",
     journal   = "CDF note 7236, 2004 (unpublished)",
}
@Article{acosta_tt_alljets,
     author    = "Acosta, D. and others",
 collaboration = "CDF",
     title     = "Measurement of the $t\bar{t}$ production cross section 
                  in the all-hadronic channel",
     journal   = "CDF note 7075, 2004 (unpublished)",
}
@Article{acosta_tt_alljets_update,
     author    = "Acosta, D. and others",
 collaboration = "CDF",
     title     = "Measurement of the $t\bar{t}$ production cross section 
                  in the all-hadronic channel",
     journal   = "CDF note 7793, 2005 (unpublished)",
}
@Article{abazov_tt_dilepton_plb,
     author    = "Abazov, V.~M. and others",
 collaboration = "\dzero",
     title     = "Measurement of the $t\bar{t}$ Production Cross Section 
                  in $p\bar{p}$ Collisions at $\sqrt{s} = 1.96\;\rm TeV$
                  in Dilepton Final States",
     journal   = "Phys. Lett. B",
     volume    = "626",
     year      = "2005",
     pages     = "55-64",
     eprint    = "hep-ex/0505082",
     SLACcitation  = "%%CITATION = HEP-EX 0505082;%%"
}
@Article{abazov_tt_dilepton_4850,
     author    = "Abazov, V.~M. and others",
 collaboration = "\dzero",
     title     = "Measurement of the $t\bar{t}$ Production Cross Section 
                  at $\sqrt{s} = 1.96\;\rm TeV$ in Dilepton Final States
                  using $370\;\rm pb^{-1}$ of \dzero\ Data",
     journal   = "\dzero-Note 4850-CONF, 2005 (unpublished)",
}
@Article{d0_cone_jets,
     author    = "Blazey, G.~C. and others",
     title     = "Run II Jet Physics",
     journal   = "Proceedings of the Workshop: `QCD and Weak Boson Physics
                  in Run II', edited by U.~Bauer, R.~K.~Ellis, and
                  D.~Zeppenfeld, FERMILAB-PUB-00-297, 2000 (unpublished)",
}
@Article{abazov_z_tautau,
     author    = "Abazov, V.~M. and others",
 collaboration = "\dzero",
     title     = "Measurement of $\sigma(p\bar{p} \rightarrow Z) \cdot 
                  Br(Z \rightarrow \tau \tau)$ at $\sqrt{s}=1.96\;\rm TeV$",
     journal   = "Phys. Rev. D",
     volume    = "71",
     year      = "2005",
     pages     = "072004",
     eprint    = "hep-ex/0412020",
     SLACcitation  = "%%CITATION = HEP-EX 0412020;%%"
}
@Article{abazov_z_tautau_note4284,
     author    = "Abazov, V.~M. and others",
 collaboration = "\dzero",
     title     = "Measurement of cross section times branching ratio for 
                  $Z \rightarrow \mu^+\mu^-$ in $p\bar{p}$ collisions at 
                  $1.96\;\rm TeV$",
     journal   = "\dzero\ note 4284, 2004 (unpublished)",
}
@Article{abazov_tt_ljets_topo,
     author    = "Abazov, V.~M. and others",
 collaboration = "\dzero",
     title     = "Measurement of the $t\bar{t}$ Production Cross Section 
                  in $p\bar{p}$ Collisions at $\sqrt{s} = 1.96\;\rm TeV$ 
                  using Kinematic Characteristics of Lepton + Jets Events",
     journal   = "Phys. Lett. B",
     volume    = "626",
     year      = "2005",
     pages     = "45-54",
     eprint    = "hep-ex/0504043",
     SLACcitation  = "%%CITATION = HEP-EX 0504043;%%"
}
@Article{abbott_tt_run1_matrixmethod,
     author    = "Abbott, B.",
 collaboration = "\dzero",
     title     = "Extraction of the width of the $W$ boson from measurements 
                  of $\sigma (p\bar{p} \rightarrow W+X) \times 
                  B(W \rightarrow e \nu)$ and $\sigma(p\bar{p} \rightarrow Z+X)
                  \times B(Z \rightarrow ee)$ and their ratio",
     journal   = "Phys. Rev. D",
     volume    = "61",
     year      = "2000",
     pages     = "072001",
     eprint    = "hep-ex/9906025",
     SLACcitation  = "%%CITATION = HEP-EX 9906025;%%"
}
@Article{barger_event_shapes,
     author    = "Barger, V. and Ohnemus, J. and Philips, R.~J.~N.",
     title     = "Event shape criteria for single-lepton top-quark signals",
     journal   = "Phys. Rev. D",
     volume    = "48",
     year      = "1993",
     pages     = "3953-3956",
     eprint    = "hep-ph/9308216",
     SLACcitation  = "%%CITATION = HEP-PH 9308216;%%"
}
@Article{tfgolling_phdthesis,
     author    = "Golling, T.~F.",
     title     = "Measurements of the Top Quark Pair Production cross Section
                  in Lepton+Jets Final States using a Topological
                  Multivariate Technique as well as Lifetime $b$-Tagging
                  in Proton-Antiproton Collisions at 
                  $\sqrt{s} = 1.96\;\rm TeV$ with the \dzero\ Detector
                  at the Tevatron",
     journal   = "Ph.D. thesis, Rheinische Friedrich-Wilhelms-Universit{\"a}t 
                  Bonn, FERMILAB-THESIS-2005-01, 2005",
}
@Article{mklute_phdthesis,
     author    = "Klute, M.",
     title     = "A Measurement of the $t\bar{t}$ Production Cross-Section 
                  in Proton Anti-Proton Collisions at $\sqrt{s}=1.96\;\rm TeV$
                  with the \dzero\ Detector at the Tevatron Using Final 
                  States with a Muon and Jets",
     journal   = "PhD thesis, Rheinische Friedrich-Wilhelms-Universit{\"a}t 
                  Bonn, FERMILAB-THESIS-2004-20, 2004",
}
@Article{spark_diplthesis,
     author    = "Park, S.",
     title     = "Measuring the $t\bar{t}$ production Cross-Section in the 
                  Electron+Jets Channel in $p\bar{p}$ Collisions at 
                  $\sqrt{s}=1.96\;\rm TeV$ with the \dzero\ Detector 
                  at the Tevatron: A Monte Carlo Study",
     journal   = "Diploma thesis, Rheinische Friedrich-Wilhelms-Universit{\"a}t
                  Bonn, FERMILAB-MASTERS-2004-03, 2004",
}
@Article{jmeyer_diplthesis,
     author    = "Meyer, J.~M.",
     title     = "Monte Carlo Study of the Measurement of the $t\bar{t}$ 
                  Production Cross-Section in the Muon+Jets Channel with 
                  the \dzero-Detector at $\sqrt{s}=1.96\;\rm TeV$",
     journal   = "Diploma thesis, Rheinische Friedrich-Wilhelms-Universit{\"a}t
                  Bonn, FERMILAB-MASTERS-2004-05, 2004",
}
@Article{kkroeninger_diplthesis,
     author    = "Kr{\"o}ninger, K.~A.",
     title     = "A Measurement of the Top Quark Mass with the \dzero\ 
                  Detector at $\sqrt{s}=1.96\;\rm TeV$ Using the Matrix 
                  Element Method",
     journal   = "Diploma thesis, Rheinische Friedrich-Wilhelms-Universit{\"a}t
                  Bonn, FERMILAB-MASTERS-2004-04, BONN-IB-2004-06, 2004",
}
@Article{pschieferd_phdthesis,
     author    = "Schieferdecker, P.",
     title     = "Measurement of the Top Quark Mass at \dzero\ Run~II with the
                  Matrix Element Method in the Lepton+Jets Final State",
     journal   = "PhD thesis, Ludwig-Maximilians-Universit{\"a}t M{\"u}nchen,
                  2005",
}
@Article{shabalina_xsec_combi_topo,
     author    = "Abazov, V.~M. and others",
     title     = "Combined $t\bar{t}$ Production Cross Section at 
                  $\sqrt{s} = 1.96\;\rm TeV$ in the Lepton+Jets and 
                  Dilepton Final States using Event Topology",
     journal   = "\dzero-note 4906-CONF",
     year      = "2005",
}
@Article{abazov_dilepton_btag_note4528,
     author    = "Abazov, V.~M. and others",
 collaboration = "\dzero",
     title     = "Measurement of the $t\bar{t}$ Production Cross-section at
                  $\sqrt{s} = 1.96\;\rm TeV$ in the $e \mu$ Channel 
                  Using Secondary Vertex $b$-tagging",
     journal   = "\dzero\ Note 4528-CONF, 2004 (unpublished)",
}
@Article{abazov_tt_ljets_btag_plb,
     author    = "Abazov, V.~M. and others",
 collaboration = "\dzero",
     title     = "Measurement of the $t\bar{t}$ Production Cross Section 
                  in $p\bar{p}$ Collisions at $\sqrt{s} = 1.96\;\rm TeV$ 
                  using Lepton+Jets Events with Lifetime $b$-tagging",
     journal   = "Phys. Lett. B",
     volume    = "626",
     year      = "2005",
     pages     = "35-44",
     eprint    = "hep-ex/0504058",
     SLACcitation  = "%%CITATION = HEP-EX 0504058;%%"
}
@Article{abazov_tt_ljets_btag_4888,
     author    = "Abazov, V.~M. and others",
 collaboration = "\dzero",
     title     = "Measurement of the $t\bar{t}$ Production Cross Section 
                  in $p\bar{p}$ Collisions at $\sqrt{s} = 1.96\;\rm TeV$ 
                  Using Lepton+Jets Events",
     journal   = "\dzero\ Note 4888-Conf, 2005 (unpublished)",
}
@Article{abazov_tt_alljets_btag_4428,
     author    = "Abazov, V.~M. and others",
 collaboration = "\dzero",
     title     = "Measurement of the $t\bar{t}$ production cross section 
                  in the all-jets channel.",
     journal   = "\dzero\ Note 4428-Conf, 2004 (unpublished)",
}
@Article{abazov_tt_alljets_btag_4879,
     author    = "Abazov, V.~M. and others",
 collaboration = "\dzero",
     title     = "Measurement of the $t\bar{t}$ Production Cross Section 
                  in $p\bar{p}$ Collisions at $\sqrt{s} = 1.96\;\rm TeV$
                  in the all hadronic final state",
     journal   = "\dzero\ Note 4879-CONF, 2005 (unpublished)",
}
@Article{jetnet,
     author    = "Peterson, C. and R{\"o}gnvaldsson, T. and L{\"o}nnblad",
     title     = "JETNET 3.0: A Versatile artificial neural network
                  package",
     journal   = "Comput. Phys. Commun.",
     volume    = "81",
     year      = "1994",
     pages     = "185-220",
}
@Article{abazov_tt_brratio_4833,
     author    = "Abazov, V.~M. and others",
 collaboration = "\dzero",
     title     = "Simultaneous measurement of
                 ${\cal{B}}(t \rightarrow Wb) / {\cal{B}}(t \rightarrow Wq)$
                 and $\sigma ( p\bar{p} \rightarrow t\bar{t})$ at \dzero",
     journal   = "\dzero\ Note 4833-CONF, 2005 (unpublished)",
}
@Article{abbott_tt_xsec_run1_1,
     author    = "Abbott, B. and others",
 collaboration = "\dzero",
     title     = "Measurement of the Top Quark Pair Production Cross Section
                  in the All-Jets Decay Channel",
     journal   = "Phys. Rev. Lett.",
     volume    = "83",
     year      = "1999",
     pages     = "1908",
     eprint    = "hep-ex/9901023",
     SLACcitation  = "%%CITATION = HEP-EX 9901023;%%"
}
@Article{abbott_tt_xsec_run1_2,
     author    = "Abbott, B. and others",
 collaboration = "\dzero",
     title     = "Measurement of the top quark pair production cross section
                  in $p\bar{p}$ collisions using multijet final states",
     journal   = "Phys. Rev. D",
     volume    = "60",
     year      = "1999",
     pages     = "012001",
     eprint    = "hep-ex/9808034",
     SLACcitation  = "%%CITATION = HEP-EX 9808034;%%"
}
@Article{abazov_tt_xsec_run1_3,
     author    = "Abazov, V.M. and others",
 collaboration = "\dzero",
     title     = "$t\bar{t}$ production cross section in $p\bar{p}$ 
                  collisions at $\sqrt{s} = 1.8\;\rm TeV$",
     journal   = "Phys. Rev. D",
     volume    = "67",
     year      = "2003",
     pages     = "012004",
     eprint    = "hep-ex/0205019",
     SLACcitation  = "%%CITATION = HEP-EX 0205019;%%"
}
@Article{tevew_run1_ttbar_xsec,
 collaboration = "Tevatron Electroweak Working Group",
     title     = "title Run-I xsec Combination",
     journal   = "tev/2005-03",
     year      = "2005",
}
@Article{cdf_ii_xsec_ratio,
     author    = "Acosta, D. and others",
 collaboration = "CDF",
     title     = "$t\bar{t}$ Production Cross-Section Ratio and 
                  Limits on Non-Standard Model Decays of Top",
     journal   = "http://www-cdf.fnal.gov/physics/top/RunIIWjets/webpages/
                  xs\_ratio/xs\_ratio.html, 2004 (unpublished)",
}
@Article{acosta_br_ratio,
     author    = "Acosta, D. and others",
 collaboration = "CDF",
     title     = "Measurement of ${\cal {B}}(t \rightarrow Wb) / 
                  {\cal{B}}(t \rightarrow Wq)$ at the Collider 
                  Detector at Fermilab",
     journal   = "Phys. Rev. Lett.",
     volume    = "95",
     year      = "2005",
     pages     = "102002",
     eprint    = "hep-ex/0505091",
     SLACcitation  = "%%CITATION = HEP-EX 0505091;%%"
}
@Article{feldman_cousins,
     author    = "Feldman, G. and Cousins, R.",
     title     = "Unified approach to the classical statistical 
                  analysis of small signals",
     journal   = "Phys. Rev. D",
     volume    = "57",
     year      = "1998",
     pages     = "3873",
     eprint    = "physics/9711021",
     SLACcitation  = "%%CITATION = PHYSICS 9711021;%%"
}
@Article{abazov_tt_brratio_4586,
     author    = "Abazov, V.~M. and others",
 collaboration = "\dzero",
     title     = "Measurement of
                 ${\cal{B}}(t \rightarrow Wb) / {\cal{B}}(t \rightarrow Wq)$
                 at \dzero",
     journal   = "\dzero\ Note 4586-CONF, 2005 (unpublished)",
}
@Article{cdf_run_i_br_ratio,
     author    = "Affolder, T. and others",
 collaboration = "CDF",
     title     = "First Measurement of the Ratio ${\cal{B}}(t \rightarrow Wb)
                  /{\cal{B}}(t \rightarrow Wq)$ and Associated Limit on the 
                  Cabibbo-Kobayashi-Maskawa Element $|V_{tb}|$",
     journal   = "Phys. Rev. Lett.",
     volume    = "86",
     year      = "2001",
     pages     = "3233-3238",
     eprint    = "hep-ex/0012029",
     SLACcitation  = "%%CITATION = HEP-EX 0012029;%%"
}
@Article{cdf_run_i_tau,
     author    = "Abe, F. and others",
 collaboration = "CDF",
     title     = "The $\mu \tau$  and $e \tau$  Decays of Top Quark Pairs 
                  Produced in $p\bar{p}$ Collisions at 
                  $\sqrt{s} = 1.8\;\rm TeV$",
     journal   = "Phys. Rev. Lett.",
     volume    = "79",
     year      = "1997",
     pages     = "3585",
     eprint    = "hep-ex/9704007",
     SLACcitation  = "%%CITATION = HEP-EX 9704007;%%"
}
@Article{yue_zong_liu,
     author    = "Yue, C. and Zong, H. and Liu, L.",
     title     = "Non-Universal Gauge Bosons $Z^\prime$ and Rare Top Decays",
     journal   = "Mod. Phys. Lett. A",
     volume    = "18",
     year      = "2003",
     pages     = "2187-2194",
     eprint    = "hep-ph/0309255",
     SLACcitation  = "%%CITATION = HEP-PH 0309255;%%"
}
@Article{han_magro,
     author    = "Han, T. and Magro, M.~B.",
     title     = "Top-quark decay via $R$-parity violating interactions 
                  at the Tevatron",
     journal   = "Phys. Lett. B",
     volume    = "476",
     year      = "2000",
     pages     = "79",
     eprint    = "hep-ph/9911442",
     SLACcitation  = "%%CITATION = HEP-PH 9911442;%%"
}
@Article{guasch_sola,
     author    = "Guasch, J. and Sola, J",
     title     = "Implications on the supersymmetric Higgs sector 
                  from top quark decays at the Tevatron",
     journal   = "Phys. Lett. B",
     volume    = "416",
     year      = "1998",
     pages     = "353",
     eprint    = "hep-ph/9707535",
     SLACcitation  = "%%CITATION = HEP-PH 9707535;%%"
}
@Article{rasin_prd,
     author    = "Rasin, A.",
     title     = "Large top quark Yukawa coupling and horizontal symmetries",
     journal   = "Phys. Rev. D",
     volume    = "57",
     year      = "1998",
     pages     = "3977-3985",
     eprint    = "hep-ph/9705210",
     SLACcitation  = "%%CITATION = HEP-PH 9705210;%%"
}
@Article{acosta_cdfii_tau,
     author    = "Acosta, A.",
 collaboration = "CDF",
     title     = "A Measurement of $BR(t \rightarrow \tau \nu)$",
     journal   = "CDF note 7179",
     year      = "2004",
}
@Article{barger_philips,
     author    = "Barger, V. and Philips, R.~J.~N.",
     title     = "Hidden top quark with charged-Higgs-boson decay",
     journal   = "Phys. Rev. D",
     volume    = "41",
     year      = "1990",
     pages     = "884",
}
@Article{topc_assisted_tc,
     author    = "Harris, R.~M. and Hill, C.~T. and Parke, S.",
     title     = "Cross Section for Topcolor $Z^\prime$ decaying to 
                  $t\bar{t}$",
     journal   = "Fermilab-FN-687, 1999 (unpublished),",
     eprint    = "hep-ph/9911288",
     SLACcitation  = "%%CITATION = HEP-PH 9911288;%%"
}
@Article{technicolor1,
     author    = "Weinberg, S.",
     title     = "Implications of dynamical symmetry breaking",
     journal   = "Phys. Rev. D",
     volume    = "13",
     year      = "1976",
     pages     = "974",
}
@Article{technicolor2,
     author    = "Susskind, L.",
     title     = "Dynamics of spontaneous symmetry breaking in the 
                  Weinberg-Salam theory",
     journal   = "Phys. Rev. D",
     volume    = "20",
     year      = "1979",
     pages     = "2619",
}
@Article{technicolor3,
     author    = "Dimopoulos, S. and Susskind, L.",
     title     = "Mass without scalars",
     journal   = "Nucl. Phys. B",
     volume    = "155",
     year      = "1979",
     pages     = "237",
}
@Article{technicolor4,
     author    = "Eichten, E. and Lane, K.",
     title     = "Dynamical breaking of weak interaction symmetries",
     journal   = "Phys. Lett. B",
     volume    = "90",
     year      = "1980",
     pages     = "125",
}
@Article{cdf1_top_gluons,
     author    = "Abe, F. and others",
 Collaboration = "CDF",
     title     = "Search for New Particles Decaying to $b\bar{b}$ in 
                  $p\bar{p}$ Collisions at $\sqrt{s} = 1.8\;\rm TeV$",
     journal   = "Phys. Rev. Lett.",
     volume    = "82",
     year      = "1999",
     pages     = "2038",
     eprint    = "hep-ex/9809022",
     SLACcitation  = "%%CITATION = HEP-EX 9809022;%%"
}
@Article{affolder_ttreso_run1,
     author    = "Affolder, T. and others",
 Collaboration = "CDF",
     title     = "Search for New Particles Decaying to $t\bar{t}$ in 
                 $p\bar{p}$ Collisions at $\sqrt{s} = 1.8\;\rm TeV$",
     journal   = "Phys. Rev. Lett.",
     volume    = "85",
     year      = "2000",
     pages     = "2062",
     eprint    = "hep-ex/0003005",
     SLACcitation  = "%%CITATION = HEP-EX 0003005;%%"
}
@Article{abazov_ttreso_run1,
     author    = "Abazov, V.~M. and others",
 Collaboration = "\dzero",
     title     = "Search for Narrow $t\bar{t}$ Resonances in $p\bar{p}$ 
                  Collisions at $\sqrt{s} = 1.8\;\rm TeV$",
     journal   = "Phys. Rev. Lett.",
     volume    = "92",
     year      = "2004",
     pages     = "221801",
     eprint    = "hep-ex/0307079",
     SLACcitation  = "%%CITATION = HEP-EX 0307079;%%"
}
@Article{abazov_ttreso_run2,
     author    = "Abazov, V.~M. and others",
 Collaboration = "\dzero",
     title     = "Search for a $t\bar{t}$ Resonance in $p\bar{p}$ Collisions at
                  $\sqrt{s}=1.96\;\rm TeV$ in the Lepton+Jets Final State",
     journal   = "\dzero\ note 4880-CONF",
     year      = "2005",
}
@Article{rizzo_top_pt,
     author    = "Rizzo, T.~G.",
     title     = "Top Quark Production at the Tevatron: Probing 
                  Anomalous Chromomagnetic Moments and Theories of
                  Low Scale Gravity",
     year      = "1999",
     eprint    = "hep-ph/9902273",
     SLACcitation  = "%%CITATION = HEP-PH 9902273;%%"
}
@Article{kane_top_pt,
     author    = "Kane, K.~D.",
     title     = "Top quarks and flavor physics",
     journal   = "Phys. Rev. D",
     volume    = "52",
     year      = "1995",
     pages     = "1546",
     eprint    = "hep-ph/9501260",
     SLACcitation  = "%%CITATION = HEP-PH 9501260;%%"
}
@Article{affolder_cdf_1_toppt,
     author    = "Affolder, T. and others",
 Collaboration = "CDF",
     title     = "Measurement of the Top Quark $p_T$ Distribution",
     journal   = "Phys. Rev. Lett",
     volume    = "87",
     year      = "2001",
     pages     = "102001",
}
@Article{abbott_d0_1_toppt,
     author    = "Abbott, B. and others",
 Collaboration = "\dzero",
     title     = "Direct measurement of the top quark mass by the 
                  \dzero\ Collaboration",
     journal   = "Phys. Rev. D",
     volume    = "58",
     year      = "1998",
     pages     = "052001",
     eprint    = "hep-ex/9801025",
     SLACcitation  = "%%CITATION = HEP-EX 9801025;%%"
}
@Article{affolder_cdf_run1xsec_ll,
     author    = "Affolder, T. and others",
 Collaboration = "CDF",
     title     = "Measurement of the Top Quark Mass and $t\bar{t}$ 
                  Production Cross Section from Dilepton Events 
                  at the Collider Detector at Fermilab",
     journal   = "Phys. Rev. Lett.",
     volume    = "80",
     year      = "1998",
     pages     = "2779",
     eprint    = "hep-ex/9802017",
     SLACcitation  = "%%CITATION = HEP-EX 9802017;%%"
}
@Article{abachi_d0_run1xsec_ll,
     author    = "Abachi, S. and others",
 Collaboration = "\dzero",
     title     = "Measurement of the Top Quark Pair Production Cross-Section
                  in $p\bar{p}$ Collisions",
     journal   = "Phys. Rev. Lett.",
     volume    = "79",
     year      = "1997",
     pages     = "1203",
     eprint    = "hep-ex/9704015",
     SLACcitation  = "%%CITATION = HEP-EX 9704015;%%"
}
@Article{affolder_cdf_run1xsec_lj_1,
     author    = "Affolder, T. and others",
 Collaboration = "CDF",
     title     = "Measurement of the $t\bar{t}$ production cross-section 
                  in $p\bar{p}$ collisions at $\sqrt{s} = 1.8\;\rm TeV$",
     journal   = "Phys. Rev. D",
     volume    = "64",
     year      = "2001",
     pages     = "032002",
     eprint    = "hep-ex/0101036",
     SLACcitation  = "%%CITATION = HEP-EX 0101036;%%"

}
@Article{affolder_cdf_run1xsec_lj_2,
     author    = "Affolder, T. and others",
 Collaboration = "CDF",
     title     = "Measurement of the $t\bar{t}$ production cross-section 
                  in $p\bar{p}$ collisions at $\sqrt{s} = 1.8\;\rm TeV$",
     journal   = "Phys. Rev. D (Erratum-ibid)",
     volume    = "67",
     year      = "2003",
     pages     = "119901(E)",
     eprint    = "hep-ex/0101036",
     SLACcitation  = "%%CITATION = HEP-EX 0101036;%%"
}
@Article{blue1,
     author    = "Lyons, L. and Gibaut, D. and Clifford, P.",
     title     = "How to combine correlated estimates of a single 
                  physical quantity",
     journal   = "Nucl. Instrum. Methods A",
     volume    = "270",
     year      = "1988",
     pages     = "110-117",
}
@Article{blue2,
     author    = "Lyons, L. and Martin, A.~J. and Saxon, D.~H.",
     title     = "On the determination of the $B$ lifetime by 
                  combining the results of different experiments",
     journal   = "Phys. Rev. D",
     volume    = "41",
     year      = "1990",
     pages     = "982-985",
}
@Article{blue3,
     author    = "Valassi, A.",
     title     = "Combining correlated measurements of several 
                  different physical quantities",
     journal   = "Nucl. Instrum. Methods A",
     volume    = "500",
     year      = "2003",
     pages     = "391-405",
}
@Article{cdf_7794,
     author    = "Abulencia, A. and others",
 collaboration = "CDF",
     title     = "Combination of CDF top pair production cross section 
                  measurements",
     journal   = "CDF note 7794, 2005 (unpublished)",
}


%================================================
%= Chapter 5 - single top production ============
%================================================
@Article{cortese91,
     author    = "Cortese, S. and Petronzio, R.",
     title     = "The Single Top Production Channel at Tevatron Energies",
     journal   = "Phys. Lett. B",
     volume    = "253",
     year      = "1991",
     pages     = "494-498",
}
@Article{willen96,
     author    = "Stelzer, T. and Willenbrock, S.",
     title     = "Single Top Quark Production via 
                  $q\bar{q} \rightarrow t\bar{b}$",
     journal   = "Phys. Lett. B",
     volume    = "357",
     year      = "1995",
     pages     = "125-130",
     eprint    = "hep-ph/9505433",
     SLACcitation  = "%%CITATION = HEP-PH 9505433;%%"

}
@Article{willen86,
     author    = "Willenbrock, S.~D. and Dicus, D.~A.",
     title     = "Production of Heavy Quarks from $W$ Gluon Fusion",
     journal   = "Physics Rev. D",
     volume    = "34",
     year      = "1986",
     pages     = "155",
}
@Article{yuan90,
     author    = "Yuan, C.-P.",
     title     = "A New Method to Detect a Heavy Top Quark at the Tevatron",
     journal   = "Physics Rev. D",
     volume    = "41",
     year      = "1990",
     pages     = "42",
}
@Article{ewt_2,
     author    = "Stelzer, T. and Sullivan, Z. and Willenbrock, S.",
     title     = "Single Top Quark Production at Hadron Colliders",
     journal   = "Phys. Rev. D",
     volume    = "58",
     year      = "1998",
     pages     = "094021",
     eprint    = "hep-ph/9807340",
     SLACcitation  = "%%CITATION = HEP-PH 9807340;%%"
}
@Article{ewt_3,
     author    = "Smith, M.~C. and Willenbrock, S.",
     title     = "QCD and Yukawa Corrections to Single-Top Quark Production
                  via $q\bar{q} \rightarrow t\bar{b}$",
     journal   = "Phys. Rev. D",
     volume    = "54",
     year      = "1996",
     pages     = "6696-6702",
     eprint    = "hep-ph/9604223",
     SLACcitation  = "%%CITATION = HEP-PH 9604223;%%"
}
@Article{nnlo_singlet_1,
     author    = "Hamberg, R. and van~Neerven, W.~L. and Matsuura, T.",
     title     = "A Complete Calculation of the Order $\alpha_s^2$ Correction
                  to the Drell-Yan $K$ Factor",
     journal   = "Nucl. Phys. B",
     volume    = "359",
     year      = "1991",
     pages     = "343",
}
@Article{nnlo_singlet_2,
     author    = "Chetyrkin, K.~G. and K{\"u}hn, J.~H. and Steinhauser, M.",
     title     = "Three Loop Polarization Function and ${\cal{O}}(\alpha_s^2)$
                  Corrections to the Production of Heavy Quarks",
     journal   = "Nucl. Phys. B",
     volume    = "482",
     year      = "1996",
     pages     = "213-240",
     eprint    = "hep-ph/9606230",
     SLACcitation  = "%%CITATION = HEP-PH 9606230;%%"
}
@Article{tesla_physics_tdr,
     author    = "{ECFA/DESY LC Physics Working Group} and
                  Aguilar-Saavedra, J.~A. and others",
     title     = "TESLA Technical Design Report, Part III:
                  Physics at an $e^+e^-$ Linear Collider, 2001,
                  edited by R.-D.~Heuer, D.~Miller, F.~Richard, P.~M.~Zerwas",
     journal   = "SLAC-REPRINT-2001-002, DESY-2001-011, ECFA-2001-209, 2001
                  (unpublished),",
     eprint    = "hep-ph/0106315",
     SLACcitation  = "%%CITATION = HEP-PH 0106315;%%"
}
@Article{nlc_physics_tdr,
     author    = "{NLC ZDR Design Group and the NLC Physics Working Group} and
                  Kuhlman, S. and others",
     title     = "Physics and Technology of the Next Linear Collider:
                  A Report Submitted to Snowmass '96",
     journal   = "FERMILAB-PUB-96-112, 1996 (unpublished),",
     eprint    = "hep-ex/9605011",
     SLACcitation  = "%%CITATION = HEP-EX 9605011;%%"
}
@Article{hepph_0601112,
     author    = "Juste, A. and Kiyo, Y. and Petriello, F. and 
                  Teubner, T. and Agashe, K. and Batra, P. and 
                  Baur, U. and Berger, C.~F. and Cembranos, J.~A.~R. and
                  Gehrmann-De Ridder, A. and Gehrmann, T. and
                  Glover, E.~W.~N. and Godfrey, S. and Hoang, A. and
                  Perelstein, M. and Sullivan, Z. and Tait, T. and
                  Zhu, S.",
     title     = "Report of the 2005 Snowmass Top/QCD Working Group",
     journal   = "Proceedings of the 2005 International Linear Collider 
                  Physics and Detector Workshop and 2nd ILC Accelerator 
                  Workshop, Snowmass, Colorado, 2005 (ECONF 
                  C0508141:PLEN0043,2005),",
     eprint    = "hep-ph/0601112",
     SLACcitation  = "%%CITATION = HEP-PH 0601112;%%"
}
@Article{nlc_snowmass01,
     author    = "{The American Linear Collider Working Group} and Abe, T. 
                  and others",
     title     = "Resource Book for Snowmass 2001",
     journal   = "SLAC-570, 2001 (unpublished),",
     eprint    = "hep-ex/0106055, hep-ex/0106056, 
                  hep-ex/0106057, hep-ex/0106058",
     SLACcitation  = "%%CITATION = HEP-EX 0106055;%%"
}
@Article{nlo_singlet_1,
     author    = "Laenen, E. and Riemersma, S. and Smith, J. and 
                  van~Neerven, W.",
     title     = "Complete Next-to-Leading Order QCD Corrections to the Photon
                  Structure Functions $F_2(\gamma)(x,Q^2)$ and 
                  $F_L(\gamma)(x,Q^2)$",
     journal   = "Phys. Rev. D",
     volume    = "49",
     year      = "1994",
     pages     = "5753",
     eprint    = "hep-ph/9308295",
     SLACcitation  = "%%CITATION = HEP-PH 9308295;%%"
}
@Article{nlo_singlet_2,
     author    = "Giele, W.~T. and Keller, S. and Laenen, E.",
     title     = "QCD Corrections to $W$ Boson plus Heavy Quark Production 
                  at the Tevatron",
     journal   = "Phys. Lett. B",
     volume    = "372",
     year      = "1996",
     pages     = "141-149",
     eprint    = "hep-ph/9511449",
     SLACcitation  = "%%CITATION = HEP-PH 9511449;%%"
}
@Article{muon_collider_physics,
     author    = "Palmer, R.~B. and Gallardo, J.~C. and Tollestrup, A.
                  and Sessler, A.",
     title     = "High luminosity $\mu^+ \mu^-$ collider: Report of a 
                  feasibility study",
     journal   = "Sci. Cult.",
     volume    = "13",
     pages     = "39-68",
     year      = "1998",
}
@Article{ewt_4,
     author    = "Mrenna, S. and Yuan, C.-P.",
     title     = "Effects of QCD Resummation on $W^+H$ and
                  $t\bar{b}$ Production at the Tevatron",
     journal   = "Phys. Lett. B",
     volume    = "416",
     year      = "1998",
     pages     = "200-207",
     eprint    = "hep-ph/9703224",
     SLACcitation  = "%%CITATION = HEP-PH 9703224;%%"
}
@Article{ewt_xsec_1,
     author    = "Harris, B.~W. and Laenen, E. and Phaf, L. and 
                  Sullivan, Z. and Weinzierl, S.",
     title     = "The Fully Differential Single Top Quark Cross-Section in
                  Next-to-Leading Order QCD",
     journal   = "Phys. Rev. D",
     volume    = "66",
     year      = "2002",
     pages     = "054024",
     eprint    = "hep-ph/0207055",
     SLACcitation  = "%%CITATION = HEP-PH 0207055;%%"
}
@Article{ewt_xsec_2,
     author    = "Sullivan, Z.",
     title     = "Understanding single-top-quark production and jets at 
                  hadron colliders",
     journal   = "Phys. Rev. D",
     volume    = "70",
     year      = "2004",
     pages     = "114012",
     eprint    = "hep-ph/0408049",
     SLACcitation  = "%%CITATION = HEP-PH 0408049;%%"
}
@Article{ewt_xsec_2.1,
     author    = "Sullivan, Z.",
     title     = "Angular correlations in single-top quark and 
                  $Wjj$ production at next-to-leading order",
     journal   = "Phys. Rev. D",
     volume    = "72",
     year      = "2005",
     pages     = "094034",
     eprint    = "hep-ph/0510224",
     SLACcitation  = "%%CITATION = HEP-PH 0510224;%%"
}
@Article{ewt_xsec_2.2,
     author    = "Zhu, S.",
     title     = "Next-to-leading order QCD corrections to 
                  $bg\rightarrow tW^-$ at the CERN Large Hadron Collider",
     journal   = "Phys. Lett. B",
     volume    = "524",
     year      = "2002",
     pages     = "283-288",
}
@Article{ewt_xsec_3,
     author    = "Campbell, J. and Ellis, R.~K. and Tramontano, F.",
     title     = "Single Top Production and Decay at Next-to-Leading Order",
     journal   = "Phys. Rev. D",
     volume    = "70",
     year      = "2004",
     pages     = "094012",
     eprint    = "hep-ph/0408158",
     SLACcitation  = "%%CITATION = HEP-PH 0408158;%%"
}
@Article{ewt_xsec_4,
     author    = "Cao, Q.~H. and Schwienhorst, R. and Yuan, C.-P.",
     title     = "Next-to-Leading Order Corrections to Single Top Quark 
                  Production and Decay at the Tevatron: 1: 
                  $s$-channel process",
     journal   = "Phys. Rev. D",
     volume    = "71",
     year      = "2005",
     pages     = "054023",
     eprint    = "hep-ph/0409040",
     SLACcitation  = "%%CITATION = HEP-PH 0409040;%%"
}
@Article{ewt_xsec_5,
     author    = "Cao, Q.~H. and Schwienhorst, R. and Benitez, J.~A. 
                  and Brock, R. and Yuan, C.-P.",
     title     = "Next-to-Leading Order Corrections to Single Top Quark 
                  Production and Decay at the Tevatron: 2: 
                  $t$-channel process",
     journal   = "Phys. Rev. D",
     volume    = "72",
     year      = "2005",
     pages     = "094027",
     eprint    = "hep-ph/0504230",
     SLACcitation  = "%%CITATION = HEP-PH 0504230;%%"
}
@Article{ewt_xsec_6,
     author    = "Cao, Q.~H. and Yuan, C.-P.",
     title     = "Single top quark production and decay at 
                  next-to-leading order in hadron collision",
     journal   = "Phys. Rev. D",
     volume    = "71",
     year      = "2005",
     pages     = "054022",
     eprint    = "hep-ph/0408180",
     SLACcitation  = "%%CITATION = HEP-PH 0408180;%%"
}
@Article{ewt_xsec_7,
     author    = "Campbell, J. and Tramontano, F.",
     title     = "Next-to-leading order corrections to $Wt$ 
                  production and decay",
     journal   = "Nucl. Phys. B",
     volume    = "726",
     year      = "2005",
     pages     = "109-130",
     eprint    = "hep-ph/0506289",
     SLACcitation  = "%%CITATION = HEP-PH 0506289;%%"
}
@Article{ewt_exotic_1,
     author    = "Tait, T.~M.~P. and Yuan, C.-P.",
     title     = "Single Top Quark Production as a Window to 
                  Physics Beyond the Standard Model",
     journal   = "Phys. Rev. D",
     volume    = "63",
     year      = "2001",
     pages     = "014018",
     eprint    = "hep-ph/0007298",
     SLACcitation  = "%%CITATION = HEP-PH 0007298;%%"
}
@Article{ewt_exotic_2,
     author    = "Simmons, E.~H.",
     title     = "New Gaug Interactions and Single Top Quark Production",
     journal   = "Phys. Rev. D",
     volume    = "55",
     year      = "1997",
     pages     = "5494-5500",
     eprint    = "hep-ph/9612402",
     SLACcitation  = "%%CITATION = HEP-PH 9612402;%%"
}
@Article{ewt_exotic_3,
     author    = "Heinson, A.~P. and Belyaev, A.~S. and Boos, E.~E.",
     title     = "Single top quarks at the Fermilab Tevatron",
     journal   = "Phys. Rev. D",
     volume    = "56",
     year      = "1997",
     pages     = "3114-3128",
     eprint    = "hep-ph/9612424",
     SLACcitation  = "%%CITATION = HEP-PH 9612424;%%"
}
@Article{ewt_exotic_4,
     author    = "Chivukula, R.~S. and Simmons, E.~H. and Terning, J.",
     title     = "A Heavy Top Quark and the $Zb\bar{b}$ Vertex in 
                  Non-Commuting Extended Technicolor",
     journal   = "Phys. Lett. B",
     volume    = "331",
     year      = "1994",
     pages     = "383-389",
     eprint    = "hep-ph/9404209",
     SLACcitation  = "%%CITATION = HEP-PH 9404209;%%"
}
@Article{ewt_exotic_5,
     author    = "Muller, D.~J. and Nandi, S.",
     title     = "Top Flavor: A Separate SU(2) for the Third Family",
     journal   = "Phys. Lett. B",
     volume    = "383",
     year      = "1996",
     pages     = "345-350",
     eprint    = "hep-ph/9602390",
     SLACcitation  = "%%CITATION = HEP-PH 9602390;%%"
}
@Article{ewt_exotic_6,
     author    = "Malkawi, E. and Tait T. and Yuan, C.~P.",
     title     = "A Model of Strong Flavor Dynamics for the Top Quark",
     journal   = "Phys. Lett. B",
     volume    = "385",
     year      = "1996",
     pages     = "304-310",
     eprint    = "hep-ph/9603349",
     SLACcitation  = "%%CITATION = HEP-PH 9603349;%%"
}
@Article{ewt_exotic_7,
     author    = "Muller, D.~J. and Nandi, S.",
     title     = "A separate SU(2) for the third  family: Topflavor",
     journal   = "Nucl. Phys. Proc. Suppl.",
     volume    = "52A",
     year      = "1997",
     pages     = "192-194",
     eprint    = "hep-ph/9607328",
     SLACcitation  = "%%CITATION = HEP-PH 9607328;%%"
}
@Article{ewt_exotic_8,
     author    = "He, H.-J. and Tait, T. and Yuan, C.~P.",
     title     = "New Top Flavor Models With Seesa Mechanism",
     journal   = "Phys. Rev. D",
     volume    = "62",
     year      = "2000",
     pages     = "011702",
     eprint    = "hep-ph/9911266",
     SLACcitation  = "%%CITATION = HEP-PH 9911266;%%"
}
@Article{cdf_d0_higgs_2003,
     author    = "{The CDF and \dzero\ Higgs Working Group} and
                  Babukhadia, L. and others",
     title     = "Results of the Tevatron Higgs sensitivity study",
     journal   = "Fermilab-Pub-03-320-E, 2003 (unpublished)",
}
@Article{cdf_singlet_run1_1,
     author    = "Acosta, D. and others",
 collaboration = "CDF",
     title     = "Search for single-top-quark production in $p\bar{p}$ 
                  collisions at $\sqrt{s}=1.8\;\rm TeV$",
     journal   = "Phys. Rev. D",
     volume    = "65",
     year      = "2002",
     pages     = "091102",
     eprint    = "hep-ex/0110067",
     SLACcitation  = "%%CITATION = HEP-EX 0110067;%%"
}
@Article{cdf_singlet_run1_2,
     author    = "Acosta, D. and others",
 collaboration = "CDF",
     title     = "Optimized search for single-top-quark production at 
                  the Fermilab Tevatron",
     journal   = "Phys. Rev. D",
     volume    = "69",
     year      = "2004",
     pages     = "052003",
}
@Article{d0_singlet_run1_1,
     author    = "Abazov, V.~M. and others",
 collaboration = "\dzero",
     title     = "Search for single top quark production at \dzero\ 
                  using neural networks",
     journal   = "Phys. Lett. B",
     volume    = "517",
     year      = "2001",
     pages     = "282",
     eprint    = "hep-ex/0106059",
     SLACcitation  = "%%CITATION = HEP-EX 0106059;%%"
}
@Article{d0_singlet_run1_2,
     author    = "Abazov, V.~M. and others",
 collaboration = "\dzero",
     title     = "Search for electroweak production of single top quarks 
                  in $p\bar{p}$ collisions",
     journal   = "Phys. Rev. D Rapid Comm.",
     volume    = "63",
     year      = "2000",
     pages     = "031101",
     eprint    = "hep-ex/0008024",
     SLACcitation  = "%%CITATION = HEP-EX 0008024;%%"
}
@Article{cdf_singlet_run2_1,
     author    = "Acosta, D. and others",
 collaboration = "CDF",
     title     = "Search for electroweak single-top-quark production
                  in $p\bar{p}$ collisions at $\sqrt{s}=1.96\;\rm TeV$",
     journal   = "Phys. Rev. D",
     volume    = "71",
     year      = "2005",
     pages     = "012005",
     eprint    = "hep-ex/0410058",
     SLACcitation  = "%%CITATION = HEP-EX 0410058;%%"
}

@Article{madevent_1,
     author    = "Stelzer, T. and Long, W.~F.",
     title     = "Automatic Generation of Tree Level Helicity Amplitudes",
     journal   = "Comput. Phys. Commun.",
     volume    = "81",
     year      = "1994",
     pages     = "337-371",
     eprint    = "hep-ph/9401258",
     SLACcitation  = "%%CITATION = HEP-PH 9401258;%%"
}
@Article{madevent_2,
     author    = "Maltoni, F. and Stelzer",
     title     = "MADEVENT: Automatic Event Generation with MADGRAPH",
     journal   = "J. High Energy Phys.",
     volume    = "02",
     year      = "2003",
     pages     = "027",
     eprint    = "hep-ph/0208156",
     SLACcitation  = "%%CITATION = HEP-PH 0208156;%%"
}
@Article{toprex,
     author    = "Slabopitsky, S.~R. and Sonnenschein, L.",
     title     = "TopRex Generator (Version 3.25): Short Manual",
     journal   = "Comput. Phys. Commun.",
     volume    = "148",
     year      = "2002",
     pages     = "87-102",
     eprint    = "hep-ph/0201292",
     SLACcitation  = "%%CITATION = HEP-PH 0201292;%%"
}
@Article{d0_4722,
     author    = "Abazov, V.~M. and others",
 collaboration = "\dzero",
     title     = "Search for Single Top Quark Production in $p\bar{p}$
                  collisions at $\sqrt{s}=1.96\;\rm TeV$",
     journal   = "Phys. Lett. B",
     volume    = "622",
     year      = "2005",
     pages     = "265-276",
     eprint    = "hep-ex/0505063",
     SLACcitation  = "%%CITATION = HEP-EX 0505063;%%"
}
@Article{d0_4722_1,
     author    = "Abazov, V.~M. and others",
 collaboration = "\dzero",
     title     = "Improved Search for Single Top Quark Production
                  at \dzero\ in Run II",
     journal   = "\dzero\ note 4722, 2005 (unpublished)",
}
@Article{comphep,
     author    = "Boos, E. and others",
 collaboration = "CompHep",
     title     = "CompHep 4.4: Automatic Computations from Lagrangians 
                  to Events",
     journal   = "Nucl. Instrum. Meth. A",
     volume    = "534",
     year      = "2004",
     pages     = "250-259",
     eprint    = "hep-ph/0403113",
     SLACcitation  = "%%CITATION = HEP-PH 0403113;%%"
}
@Article{mcfm1,
     author    = "Campbell, J. and Ellis, R.~K.",
     title     = "MCFM Monte Carlo for FeMtobarn Processes",
     journal   = "{\tt http://mcfm.fnal.gov}",
     year      = "2002",
     eprint    = "hep-ph/0105226",
     SLACcitation  = "%%CITATION = HEP-PH 0105226;%%"
}
@Article{mcfm2,
     author    = "Campbell, J. and Ellis, R.~K.",
     title     = "Next-to-Leading Order Corrections to $W$+2 and $Z$+2 Jet
                  Production at Hadron Colliders",
     journal   = "Phys. Rev. D",
     volume    = "65",
     year      = "2002",
     pages     = "113007",
     eprint    = "hep-ph/0202176",
     SLACcitation  = "%%CITATION = HEP-PH 0202176;%%"
}
@Article{boos_dudko,
     author    = "Boos, E. and Dudko, L.",
     title     = "Optimized Neural Networks to search for Higgs Boson 
                  Production at the Tevatron",
     journal   = "Nucl. Instrum. Methods A",
     volume    = "502",
     year      = "2003",
     pages     = "486-488",
     eprint    = "hep-ph/0302088",
     SLACcitation  = "%%CITATION = HEP-PH 0302088;%%"
}
@Article{mlpfit,
     author    = "Schwindling, J.",
     title     = "MLPFit: A Tool for Designing and Using Multi-Layer 
                  Perceptrons",
     journal   = "{\tt http://schwind.home.cern.ch/schwind/MLPfit.html}, 2000",
}
@Article{decision_tree,
     author    = "Breiman, L. and Friedman, J.~H. and Olshen, R.~A. 
                  and Stone, C.~J.",
     title     = "Classification and Regression Trees (Wadsworth, 
                  Belmont, California, 1984)",
}
@Article{d0_4871,
     author    = "Abazov, V.~M. and others",
 collaboration = "\dzero",
     title     = "Search for Single Top Quark Production Using Likelihood
                  Discriminants at \dzero\ in Run II",
     journal   = "\dzero\ note 4871, 2005 (unpublished)",
}



%================================================
%= Chapter 6 - top quark mass ===================
%================================================
@Article{tevewwg_1,
     author    = "{The Tevatron Electroweak Working Group} and Azzi, P. 
                  and others",
     title     = "Combination of CDF and \dzero\ Results on the 
                  Top-Quark Mass",
     journal   = "TEVEWWG-top 2004-01, 2004 (unpublished),",
     eprint    = "hep-ex/0404010",
     SLACcitation  = "%%CITATION = HEP-EX 0404010;%%"
}
@Article{tevewwg_2,
     author    = "{The Tevatron Electroweak Working Group} and Arguin, J.~F.
                  and others",
     title     = "Combination of CDF and \dzero\ Results on the 
                  Top-Quark Mass",
     journal   = "FERMILAB-TM-2321-E, 2005 (unpublished),",
     eprint    = "hep-ex/0507006",
     SLACcitation  = "%%CITATION = HEP-EX 0507006;%%"
}
@Article{tevewwg_3,
     author    = "{The Tevatron Electroweak Working Group} and Arguin, J.~F.
                   and others",
     title     = "Combination of CDF and \dzero\ Results on the 
                  Top-Quark Mass",
     journal   = "FERMILAB-TM-2323-E, 2005 (unpublished),",
     eprint    = "hep-ex/0507091",
     SLACcitation  = "%%CITATION = HEP-EX 0507091;%%"
}
@Article{tevewwg_4,
     author    = "{The Tevatron Electroweak Working Group} and Arguin, J.~F.
                   and others",
     title     = "Combination of CDF and \dzero\ Results on the 
                  Top-Quark Mass",
     journal   = "FERMILAB-TM-2347-E, 2006 (unpublished),",
     eprint    = "hep-ex/0603039",
     SLACcitation  = "%%CITATION = HEP-EX 0603039;%%"
}
@Article{tevewwg_5,
     author    = "{The Tevatron Electroweak Working Group} and Arguin, J.~F.
                   and others",
     title     = "Combination of CDF and \dzero\ Results on the 
                  Top-Quark Mass",
     journal   = "FERMILAB-TM-2355-E, 2006 (unpublished),",
     eprint    = "hep-ex/0608032",
     SLACcitation  = "%%CITATION = HEP-EX 0608032;%%"
}
@Article{simmons_9908511,
     author    = "Simmon, E.",
     title     = "Thinking About Top: Looking Outside The Standard Model",
     journal   = "Proceedings of the Thinkshop on Top Quark 
                  Physics at Run-II, Batavia, Il",
     year      = "1999",
     eprint    = "hep-ph/9908511",
     SLACcitation  = "%%CITATION = HEP-EX 9908511;%%"
}
@Article{cdf7153,
     author    = "Acosta, D. and others",
     title     = "Measurement of the Top Quark Mass using the Template
                  Method in the Lepton plus Jets channel at CDF",
     journal   = "CDF note 7153, 2004 (unpublished)",
}
@Article{minuit,
     author    = "James, F.",
     title     = "Minuit - a system for function minimization and 
                  analysis of the parameter errors and correlations",
     journal   = "Comput. Phys. Commun.",
     volume    = "10",
     year      = "1975",
     pages     = "343-367",
}
@Article{cdf_7680,
     author    = "Acosta, D. and others",
 collaboration = "CDF",
     title     = "Measurement of the Top Quark Mass using the Template Method
                  in the Lepton plus jets Channel with {\it In Situ}
                  $W \rightarrow jj$ Calibration at CDF-II",
     journal   = "CDF note 7680, 2005 (unpublished)",
}
@Article{cdf_7637,
     author    = "Acosta, D. and others",
 collaboration = "CDF",
     title     = "Updated Top Quark Mass Measurement in the Lepton+Jets 
                  Channel Using the Jet Probability Algorithm",
     journal   = "CDF note 7637, 2005 (unpublished)",
}
@Article{cdf_7754,
     author    = "Acosta, D. and others",
 collaboration = "CDF",
     title     = "Top Quark Mass Measurement using the Dynamical Likelihood
                  Method in the lepton plus jets channel at CDF RunII",
     journal   = "CDF note 7754, 2005 (unpublished)",
}
@Article{cdf_7056,
     author    = "Acosta, D. and others",
 collaboration = "CDF",
     title     = "Top Quark Mass Measurement using the Dynamical Likelihood
                  Method in the lepton plus jets channel at CDF RunII",
     journal   = "CDF note 7056, 2004 (unpublished)",
}
@Article{dlm1,
     author    = "Kondo, K.",
     title     = "Dynamical Likelihood Method for Reconstruction of Events 
                  with Missing Momentum. I. Method and Toy Models",
     journal   = "J. Phys. Soc. Jpn.",
     volume    = "57",
     year      = "1988",
     pages     = "4126",
}
@Article{dlm2,
     author    = "Kondo, K.",
     title     = "Dynamical Likelihood Method for Reconstruction of Events 
                  with Missing Momentum. II. Mass Spectra for 
                  $2\rightarrow 2$ Processes",
     journal   = "J. Phys. Soc. Jpn.",
     volume    = "60",
     year      = "1991",
     pages     = "836",
}
@Article{dlm3,
     author    = "Kondo, K. and Chikamatsu, T. and Kim, S.~H.",
     title     = "Dynamical Likelihood Method for Reconstruction of Events 
                  with Missing Momentum. III. Analysis of a CDF High 
                  $p_T$ $e \mu$ Event as $t\bar{t}$ Production",
     journal   = "J. Phys. Soc. Jpn.",
     volume    = "62",
     year      = "1993",
     pages     = "1177",
}
@Article{dlm4,
     author    = "Kondo, K. and Kusakabe, K.",
     title     = "A New Formulation of Dynamical Likelihood Method",
     journal   = "submitted to J. Phys. Soc. Jpn.",
     year      = "2005",
}
@Article{dlm5,
     author    = "Kondo, K.",
     title     = "Dynamical Likelihood Method for Reconstruction 
                  of Quantum Process",
     year      = "2005",
     eprint    = "hep-ex/0508035",
     SLACcitation  = "%%CITATION = HEP-EX 0508035;%%"
}
@Article{d0_nature,
     author    = "Abazov, V.~M. and others",
 collaboration = "\dzero",
     title     = "A Precision Measurement of the Mass of the Top Quark",
     journal   = "Nature",
     volume    = "429",
     year      = "2004",
     pages     = "638",
     eprint    = "hep-ex/0406031",
     SLACcitation  = "%%CITATION = HEP-EX 0406031;%%"
}
@Article{d0_0407005,
     author    = "Abazov, V.~M. and others",
 collaboration = "\dzero",
     title     = "New Measurement of the Top Quark Mass in Lepton+Jets 
                  $t\bar{t}$ Events at \dzero",
     journal   = "FERMILAB-Pub-04/102-E, 2004 (unpublished),",
     eprint    = "hep-ex/0407005",
     SLACcitation  = "%%CITATION = HEP-EX 0407005;%%"
}
@Article{dalitz_goldstein_1,
     author    = "Dalitz, R.~H. and Goldstein, G.~R.",
     title     = "Decay and polarization properties of the top quark",
     journal   = "Phys. Rev. D",
     volume    = "45",
     year      = "1992",
     pages     = "1531",
     eprint    = "hep-ph/9205246",
     SLACcitation  = "%%CITATION = HEP-PH 9205246;%%"
}
@Article{dalitz_goldstein_2,
     author    = "Dalitz, R.~H. and Goldstein, G.~R.",
     title     = "Analysis of top-antitop production and dilepton decay
                  events and the top quark mass",
     journal   = "Phys. Lett. B",
     volume    = "287",
     year      = "1992",
     pages     = "225",
}
@Article{dalitz_goldstein_3,
     author    = "Dalitz, R.~H. and Goldstein, G.~R.",
     title     = "Test of Analysis Method for Top-Antitop Production and 
                  Decay Events",
     journal   = "Proc. R. Soc. Lond. A",
     volume    = "445",
     year      = "1999",
     pages     = "2803-2834",
     eprint    = "hep-ph/9802249",
     SLACcitation  = "%%CITATION = HEP-PH 9802249;%%"
}
@Article{goldstein_spin96,
     author    = "Goldstein, G.~R.",
     title     = "Spin Correlations in Top Quark Production and 
                  the Top Quark Mass",
     journal   = "Spin 96: Proceedings of the 12th International Symposium
                  on High Energy Spin Physics, Amsterdam, 1996, edited 
                  by C.~W.~deJager (World Scientific, Singapore, 1997),",
     eprint    = "hep-ph/9611314",
     SLACcitation  = "%%CITATION = HEP-PH 9611314;%%"
}
@Article{cdf_me_ljets_mass,
     author    = "Abulencia, A. and others",
     title     = "Top Mass Measurement in the Lepton+jets Channel using
                  the Matrix Element Method",
     journal   = "CDF note in preparation, 2005 (unpublished)",
}
@Article{cdf_7102,
     author    = "Acosta, D. and others",
     title     = "Top Mass Measurement in the Lepton+jets Channel using
                  a Multivariate Template Method",
     journal   = "CDF note 7102, 2004 (unpublished)",
}
@Article{kernel_density,
     author    = "Scott, D.",
     title     = "Multivariate Density Estimation: Theory, Practice, and
                  Visualization",
     journal   = "(Wiley-Interscience, New York, 1992)",
}
@Article{cdf_7781,
     author    = "Abulencia, A. and others",
     title     = "First Measurement of the Top Quark Mass in the Lepton+Jets
                  channel using the Decay Length Technique",
     journal   = "CDF note 7781, 2005 (unpublished)",
}
@Article{hill_incandela,
     author    = "Hill, C.~S. and Incandela, J.~R. and Lamb, J.~M.",
     title     = "A method for measurement of the top quark mass using the
                  mean decay length of $b$ hadrons in $t\bar{t}$ events",
     journal   = "Phys. Rev. D",
     volume    = "71",
     year      = "2005",
     pages     = "054029",
     eprint    = "hep-ex/0501043",
     SLACcitation  = "%%CITATION = HEP-EX 0501043;%%"
}
@Article{cdf_7718,
     author    = "Abulencia, A. and others",
     title     = "Measurement of the Top Quark Mass in the Dilepton 
                  Channel using the Leading-Order Differential 
                  Cross-Section at CDF II",
     journal   = "CDF note 7718, 2005 (unpublished)",
}
@Article{mahlon_parke1,
     author    = "Mahlon, G. and Parke, S.~J.",
     title     = "Maximizing spin correlations in top quark pair 
                  production at the Tevatron",
     journal   = "Phys. Lett. B",
     volume    = "411",
     year      = "1997",
     pages     = "173",
     eprint    = "hep-ph/9706304",
     SLACcitation  = "%%CITATION = HEP-PH 9706304;%%"
}
@Article{mahlon_parke2,
     author    = "Mahlon, G. and Parke, S.~J.",
     title     = "Improved spin basis for angular correlation studies 
                  in single top quark production at the Tevatron",
     journal   = "Phys. Rev. D",
     volume    = "55",
     year      = "1997",
     pages     = "7249-7254",
     eprint    = "hep-ph/9611367",
     SLACcitation  = "%%CITATION = HEP-PH 9611367;%%"
}
@Article{mahlon_parke3,
     author    = "Mahlon, G. and Parke, S.~J.",
     title     = "Angular correlations in top quark pair production 
                  and decay at hadron colliders",
     journal   = "Phys. Rev. D",
     volume    = "53",
     year      = "1996",
     pages     = "4886-4896",
     eprint    = "hep-ph/9512264",
     SLACcitation  = "%%CITATION = HEP-PH 9512264;%%"
}
@Article{shadmi,
     author    = "Parke, S.~J. and Shadmi, Y.",
     title     = "Spin correlations in top quark pair production 
                  at $e^+e^-$ colliders",
     journal   = "Phys. Lett. B",
     volume    = "387",
     year      = "1996",
     pages     = "199-206",
     eprint    = "hep-ph/9606419",
     SLACcitation  = "%%CITATION = HEP-PH 9606419;%%"
}
@Article{cdf_7303_2004,
     author    = "Acosta, D. and others",
     title     = "Measurement of the Top Quark Mass using the Neutrino 
                  Weighting Algorithm on Dilepton Events at CDF",
     journal   = "CDF note 7303, 2004 (unpublished)",
}
@Article{cdf_7303_2005,
     author    = "Abulencia, A. and others",
     title     = "Measurement of the Top Quark Mass using the Neutrino 
                  Weighting Algorithm on Dilepton Events at CDF",
     journal   = "CDF note 7303, 2005 (unpublished)",
}
@Article{nwa_d0_runi_prl,
     author    = "Abbott, B. and others",
 collaboration = "\dzero",
     title     = "Measurement of the Top Quark Mass Using Dilepton Events",
     journal   = "Phys. Rev. Lett.",
     volume    = "80",
     year      = "1998",
     pages     = "2063",
     eprint    = "hep-ex/9706014",
     SLACcitation  = "%%CITATION = HEP-EX 9706014;%%"
}
@Article{nwa_d0_runi_prd,
     author    = "Abbott, B. and others",
 collaboration = "\dzero",
     title     = "Measurement of the top quark mass in the dilepton channel",
     journal   = "Phys. Rev. D",
     volume    = "60",
     year      = "1999",
     pages     = "052001",
     eprint    = "hep-ex/9808029",
     SLACcitation  = "%%CITATION = HEP-EX 9808029;%%"
}
@Article{nwa_cdf_runi_prd,
     author    = "Abe, F. and others",
 collaboration = "CDF",
     title     = "Measurement of the Top Quark Mass with the Collider 
                  Detector at Fermilab",
     journal   = "Phys. Rev. Lett.",
     volume    = "82",
     year      = "1999",
     pages     = "271(E)",
     eprint    = "hep-ex/9810029",
     SLACcitation  = "%%CITATION = HEP-EX 9810029;%%"
}
@Article{cdf_7239,
     author    = "Acosta, D. and others",
 collaboration = "CDF",
     title     = "Measurement of the Top Quark Mass using the Minuit Fitter
                  In Dilepton Events at CDF",
     journal   = "CDF note 7239, 2004 (unpublished)",
}
@Article{cdf_7759,
     author    = "Abulencia, A. and others",
 collaboration = "CDF",
     title     = "Measurement of the Top Quark Mass using the $\phi$
                  Weighting Method
                  In Dilepton Events at CDF",
     journal   = "CDF note 7759, 2005 (unpublished)",
}
@Article{cdf_7194,
     author    = "Acosta, D. and others",
 collaboration = "CDF",
     title     = "Measurement of the top mass using full kinematic 
                  template method in dilepton channel at CDF",
     journal   = "CDF note 7194, 2004 (unpublished)",
}
@Article{cdf_7797,
     author    = "Acosta, D. and others",
 collaboration = "CDF",
     title     = "Measurement of the top mass using full kinematic 
                  template method in dilepton channel at CDF",
     journal   = "CDF note 7797, 2005 (unpublished)",
}
@Article{cdf1_alljets_prl,
     author    = "Abe, F. and others",
 collaboration = "CDF",
     title     = "First Observation of the All-Hadronic Decay 
                  of $t\bar{t}$ Pairs",
     journal   = "Phys. Rev. Lett.",
     volume    = "79",
     year      = "1997",
     pages     = "1992-1997",
}
@Article{d0_4574,
     author    = "Abazov, V.~M. and others",
 collaboration = "\dzero",
     title     = "Measurement of the Top Quark Mass in the Lepton+Jets 
                  Channel using \dzero\ Run II Data",
     journal   = "\dzero\ note 4574, 2004 (unpublished)",
}
@Article{d0_4728,
     author    = "Abazov, V.~M. and others",
 collaboration = "\dzero",
     title     = "Measurement of the Top Quark Mass in the Lepton+Jets 
                  Channel using \dzero\ Run II Data:
                  The Low Bias Template Method",
     journal   = "\dzero\ note 4728, 2005 (unpublished)",
}
@Article{delphi_ideogram,
     author    = "Abreu, P. and others",
 collaboration = "DELPHI",
     title     = "Measurement of the $W$ pair cross-section and of the 
                  $W$ mass in $e^+e^-$ interactions at $172\;\rm GeV$",
     journal   = "Eur. Phys. J. C",
     volume    = "2",
     year      = "1998",
     pages     = "581",
}
@Article{mulders_ideogram,
     author    = "Mulders, M.",
     title     = "Measurement of the $W$ Boson Mass and Width in 
                  DELPHI at LEP",
     journal   = "Int. J. Mod. Phys. A",
     volume    = "16S1A",
     year      = "2001",
     pages     = "284",
}
@Article{berends_plb,
     author    = "Berends, F.~A. and Papadopoulos, C.~G. and
                  Pittau, R.",
     title     = "On the determination of $m(W)$ and TGCs in $W$-pair 
                  production using the best measured kinematical variables",
     journal   = "Phys. Lett. B",
     volume    = "417",
     year      = "1998",
     pages     = "385-389",
     eprint    = "hep-ph/9709257",
     SLACcitation  = "%%CITATION = HEP-PH 9709257;%%"
}
@Article{d01_prd_072002,
     author    = "Abbott, B. and others",
 collaboration = "\dzero",
     title     = "Studies of $WW$ and $WZ$ production and limits on 
                  anomalous $WW\gamma$ and $WWZ$ couplings",
     journal   = "Phys. Rev. D",
     volume    = "60",
     year      = "1999",
     pages     = "072002",
     eprint    = "hep-ex/9905005",
     SLACcitation  = "%%CITATION = HEP-EX 9905005;%%"
}
@Article{cteq4,
     author    = "Lai, H.~L. and Botts, J. and Huston, J. and Morfin, J.~G. and
                  Owens, J.~F. and Qiu, J.~W. and Tung, W.~K. and Weerts, H.",
 collaboration = "CTEQ",
     title     = "Global QCD Analysis and the CTEQ Parton Distributions",
     journal   = "Phys. Rev. D",
     volume    = "51",
     year      = "1995",
     pages     = "4763-4782",
     eprint    = "hep-ph/9410404",
     SLACcitation  = "%%CITATION = HEP-PH 9410404;%%"
}
@Article{cern_library,
     title     = "CERN Program Library",
     journal   = "http://wwwasdoc.web.cern.ch/wwwasdoc/Welcome.html, 1981",
}
@Article{tevewwg_run1,
     author    = "{The Tevatron Electroweak Working Group}, Demortier, L. and 
                  Hall, R. and Hughes, R. and Klima, B.",
     title     = "Combining the top quark mass results for Run 1 
                  from CDF and \dzero",
     journal   = "Fermilab-TM-2084, 1999 (unpublished)",
}
@Article{d0_4874,
     author    = "Abazov, V.~M. and others",
 collaboration = "\dzero",
     title     = "Top Quark Mass Measurement with the Matrix Element Method in
                  the Lepton+Jets Final State at \dzero\ Run II",
     journal   = "\dzero\ note 4874, 2005 (unpublished)",
}
@Article{vecbos,
     author    = "Berends, F.~A. and Kuijf, H. and Tausk, B. and Giele, W.~T.",
     title     = "On the production of a $W$ and Jets at Hadron Colliders",
     journal   = "Nucl. Phys. B",
     volume    = "357",
     year      = "1991",
     pages     = "32-64",
}
@Article{vegas1,
     author    = "Lepage, G.~P.",
     title     = "VEGAS: A new algorithm for Adaptive Multidimensional 
                  Integration",
     journal   = "J. Comput. Phys.",
     volume    = "27",
     year      = "1978",
     pages     = "192-203",
}
@Article{vegas2,
     author    = "Lepage, G.~P.",
     title     = "VEGAS: An adaptive Multi-dimensional Integration Program",
     journal   = "Cornell preprint CLNS:80-447, 1980 (unpublished)",
}
@Article{gnu_sci_library,
     author    = "Galassi, M. and Davies, J. and Theiler, J. and Gough, B. 
                  and Jungman, G. and Booth, M. and Rossi, F.",
     title     = "GNU Scientific Library Reference Manual (2nd Ed.)",
     journal   = "available at http://www.gnu.org/software/gsl/, 2005",
}
@Article{d0_4725,
     author    = "Abazov, V.~M. and others",
 collaboration = "\dzero",
     title     = "Measurement of the Top Quark Mass in the Dilepton Channel",
     journal   = "\dzero\ note 4725",
     year      = "2005",
}
@Article{mcnlo1,
     author    = "Frixione, S. and Webber, B.",
     title     = "The MC{@}NLO Event Generator",
     year      = "2004",
     eprint    = "hep-ph/0402116",
     SLACcitation  = "%%CITATION = HEP-PH 0402116;%%"
}
@Article{mcnlo2,
     author    = "Frixione, S. and Webber, B.",
     title     = "Matching NLO QCD computations and parton shower simulations",
     journal   = "J. High Energy Phys.",
     volume    = "06",
     year      = "2002",
     pages     = "029",
}
@Article{mcnlo3,
     author    = "Frixione, S. and Nason, P. and Webber, B.",
     title     = "Matching NLO QCD and parton showers in heavy flavour 
                  production",
     journal   = "J. High Energy Phys.",
     volume    = "0308",
     year      = "2003",
     pages     = "007",
     eprint    = "hep-ph/0305252",
     SLACcitation  = "%%CITATION = HEP-PH 0305252;%%"
}


@Article{mcnlo4,
     author    = "Frixione, S. and Webber, B.",
     title     = "The MC@NLO 3.1 event generator",
     year      = "2005",
     pages     = "22",
     eprint    = "hep-ph/0506182",
     SLACcitation  = "%%CITATION = HEP-PH 0506182;%%"
}
@Article{mcnlo5,
     author    = "Frixione, S. and Laenen, E. and 
                  Motylinski, P. and Webber, B.",
     title     = "Single-top production in MC@NLO",
     journal   = "J. High Energy Phys.",
     volume    = "0603",
     year      = "2006",
     pages     = "092",
     eprint    = "hep-ph/0512250",
     SLACcitation  = "%%CITATION = HEP-PH 0512250;%%"
}
@Article{mcnlo6,
     author    = "Frixione, S. and Webber, B.",
     title     = "The MC@NLO 3.2 event generator",
     year      = "2006",
     pages     = "23",
     eprint    = "hep-ph/0601192",
     SLACcitation  = "%%CITATION = HEP-PH 0601192;%%"
}


@Article{d01_mt_allj_plb,
     author    = "Abazov, V.~M. and others",
 collaboration = "\dzero",
     title     = "Measurement of the top quark mass in all-jet events",
     journal   = "Phys. Lett. B",
     volume    = "606",
     year      = "2005",
     pages     = "25-335",
     eprint    = "hep-ex/0410086",
     SLACcitation  = "%%CITATION = HEP-EX 0410086;%%"
}
@Article{cdf1_mt_ref4,
     author    = "Affolder, T.. and others",
 collaboration = "CDF",
     title     = "Measurement of the top, quark mass with the Collider 
                  Detector at Fermilab",
     journal   = "Phys. Rev. D",
     volume    = "63",
     year      = "2001",
     pages     = "032003",
     eprint    = "hep-ex/0006028",
     SLACcitation  = "%%CITATION = HEP-EX 0006028;%%"
}
@Article{smith97,
     author    = "Smith, M. and Willenbrock, S.",
     title     = "Top Quark Pole Mass",
     journal   = "Phys. Rev. Lett.",
     volume    = "79",
     year      = "1997",
     pages     = "3825-3828",
     eprint    = "hep-ph/9612329",
     SLACcitation  = "%%CITATION = HEP-PH 9612329;%%"
}
@Article{abachi_prl79,
     author    = "Abachi, S. and others",
 collaboration = "\dzero",
     title     = "Direct Measurement of the Top Quark Mass",
     journal   = "Phys. Rev. Lett.",
     volume    = "79",
     year      = "1997",
     pages     = "1197",
     eprint    = "hep-ex/9703008",
     SLACcitation  = "%%CITATION = HEP-EX 9703008;%%"
}
@Article{abe97ljm,
     author    = "Abe, F. and others",
 collaboration = "CDF",
     title     = "Measurement of the Top Quark Mass",
     journal   = "Phys. Rev. Lett.",
     volume    = "80",
     year      = "1998",
     pages     = "2767-2772",
     eprint    = "hep-ex/9801014",
     SLACcitation  = "%%CITATION = HEP-EX 9801014;%%"
}






%======================================================
%= Chapter 7 - top quark properties ===================
%======================================================
@Article{Top-Evidence-PRL,
     author    = "Abe, F. and others",
 collaboration = "CDF",
     title     = "Evidence for top quark production in $\bar p p $ collisions
                  at $\sqrt{s}=1.8$ TeV",
     journal   = "Phys. Rev. Lett.",
     volume    = "73",
     year      = "1994",
     pages     = "225-231",
     eprint    = "hep-ex/9405005",
     SLACcitation  = "%%CITATION = HEP-EX 9405005;%%"
}
@Article{abe_prd50_1994,
     author    = "Abe, F. and others",
 collaboration = "CDF",
     title     = "Evidence for top quark production in $p\bar{p}$ collisions
                  at $\sqrt{s} =1.8\;\rm TeV$",
     journal   = "Phys. Rev. D",
     volume    = "50",
     year      = "1994",
     pages     = "2966-3026",
}
@Article{abe_prl73_1994,
     author    = "Abe, F. and others",
 collaboration = "CDF",
     title     = "Evidence for Top Quark Production in $\bar{p}p$ Collisions
                  at $\sqrt{s} = 1.8\;\rm TeV$",
     journal   = "Phys. Rev. Lett.",
     volume    = "73",
     year      = "1994",
     pages     = "225-231",
     eprint    = "hep-ex/9405005",
     SLACcitation  = "%%CITATION = HEP-EX 9405005;%%"
}
@Article{abe_prl74_1995,
     author    = "Abe, F. and others",
 collaboration = "CDF",
     title     = "Observation of Top Quark Production in $p\bar{p}$ 
                  Collisions with the Collider Detector at Fermilab",
     journal   = "Phys. Rev. Lett.",
     volume    = "74",
     year      = "1995",
     pages     = "2626-2631",
     eprint    = "hep-ex/9503002",
     SLACcitation  = "%%CITATION = HEP-EX 9503002;%%"
}
@Article{abachi_prl74_1995,
     author    = "Abachi, S. and others",
 collaboration = "\dzero",
     title     = "Observation of the Top Quark",
     journal   = "Phys. Rev. Lett.",
     volume    = "74",
     year      = "1995",
     pages     = "2632-2637",
     eprint    = "hep-ex/9503003",
     SLACcitation  = "%%CITATION = HEP-EX 9503003;%%"
}
@Article{chang_chang_99,
     author    = "Chang, D. and Chang, W.~F. and Ma, E.",
     title     = "Alternative interpretation of the Fermilab Tevatron 
                  top events",
     journal   = "Phys. Rev. D",
     volume    = "59",
     year      = "1999",
     pages     = "091503",
     eprint    = "hep-ph/9810531",
     SLACcitation  = "%%CITATION = HEP-PH 9810531;%%"
}
@Article{chang_chang_00,
     author    = "Chang, D. and Chang, W.~F. and Ma, E.",
     title     = "Fitting precision electroweak data with exotic heavy quarks",
     journal   = "Phys. Rev. D",
     volume    = "61",
     year      = "2000",
     pages     = "037301",
     eprint    = "hep-ph/9909537",
     SLACcitation  = "%%CITATION = HEP-PH 9909537;%%"
}
@Article{d04876,
     author    = "Abazov, V.~M. and others",
 collaboration = "\dzero",
     title     = "Measurement of the charge of the top quark with the 
                  \dzero\ experiment",
     journal   = "\dzero\ note 4876-CONF, 2005 (unpublished)",
}
@Article{kane92,
     author    = "Kane, G.~L. and Ladinsky, G.~A. and Yuan, C.~P.",
     title     = "Using the top quark for testing standard-model 
                  polarization and $CP$ predictions",
     journal   = "Phys. Rev. D",
     volume    = "45",
     year      = "1992",
     pages     = "124",
}
@Article{fischer_prd65,
     author    = "Fischer, M. and Groote, S. and K{\"o}rner, 
                  J.~G. and Mauser, M.~C.",
     title     = "Complete Angular Analysis of Polarized Top Decay at
                  ${\cal{O}}(\alpha_s)$",
     journal   = "Phys. Rev. D",
     volume    = "65",
     year      = "2002",
     pages     = "054036",
     eprint    = "hep-ph/0101322",
     SLACcitation  = "%%CITATION = HEP-PH 0101322;%%"
}
@Article{nelson_prd56,
     author    = "Nelson, C.~A. and Kress, B.~T. and Lopes, M. and 
                  McCauleyothers, T.~P.",
     title     = "General tests for $t \rightarrow W^+b$ couplings 
                  at hadron colliders",
     journal   = "Phys. Rev. D",
     volume    = "56",
     year      = "1997",
     pages     = "5928-5944",
     eprint    = "hep-ph/9707211",
     SLACcitation  = "%%CITATION = HEP-PH 9707211;%%"
}
@Article{f+_fischer,
     author    = "Fischer, M. and Groote, S. and K{\"o}rner, 
                  J.~G. and Mauser, M.~C.",
     title     = "Longitudinal, transverse-plus and transverse-minus 
                  $W$-bosons in unpolarized top quark decay at
                  ${\cal{O}}(\alpha_s)$",
     journal   = "Phys. Rev. D",
     volume    = "63",
     year      = "2001",
     pages     = "031501",
     eprint    = "hep-ph/0011075",
     SLACcitation  = "%%CITATION = HEP-PH 0011075;%%"
}
@Article{beg_1977,
     author    = "Beg, M.~A.~B. and Budny, R.~V. and Mohapatra, R. 
                  and Sirlin, A.",
     title     = "Manifest Left-Right Symmetry and its Experimental 
                  Consequences",
     journal   = "Phys. Rev. Lett.",
     volume    = "38",
     year      = "1977",
     pages     = "1252",
}
@Article{nam_2002,
     author    = "Nam, S.~H.",
     title     = "$B\bar{B}$ mixing and $CP$ violation in 
                  $SU(2)_L \times SU(2)_R \times U(1)$ models",
     journal   = "Phys. Rev. D",
     volume    = "66",
     year      = "2002",
     pages     = "055008",
     eprint    = "hep-ph/0206037",
     SLACcitation  = "%%CITATION = HEP-PH 0206037;%%"
}
@Article{cdf1_wheli_f0,
     author    = "Affolder, T. and others",
 collaboration = "CDF",
     title     = "Measurement of the Helicity of $W$ Bosons in Top 
                  Quark Decays",
     journal   = "Phys. Rev. Lett.",
     volume    = "84",
     year      = "2000",
     pages     = "216-221",
     eprint    = "hep-ex/9909042",
     SLACcitation  = "%%CITATION = HEP-EX 9909042;%%"
}
@Article{d01_wheli_f0,
     author    = "Abazov, V.~M. and others",
 collaboration = "\dzero",
     title     = "Helicity of the $W$ boson in lepton+jets 
                  $t\bar{t}$ events",
     journal   = "Phys. Lett. B",
     volume    = "617",
     year      = "2005",
     pages     = "1",
     eprint    = "hep-ex/0404040",
     SLACcitation  = "%%CITATION = HEP-EX 0404040;%%"
}
@Article{fujikawa_prd49,
     author    = "Fujikawa, K. and Yamada, A.",
     title     = "Test of the chiral structure of the top-bottom charged 
                  current by the process $b\rightarrow s \gamma$",
     journal   = "Phys. Rev. D",
     volume    = "49",
     year      = "1994",
     pages     = "5890-5893",
}
@Article{cho_prd49,
     author    = "Cho, P. and Misiak, M.",
     title     = "$b\rightarrow s\gamma$ decay in 
                  $SU(2)_L \times SU(2)_R \times U(1)$ extensions 
                  of the Standard Model",
     journal   = "Phys. Rev. D",
     volume    = "49",
     year      = "1994",
     pages     = "5894",
     eprint    = "hep-ph/9310332",
     SLACcitation  = "%%CITATION = HEP-PH 9310332;%%"
}
@Article{jessop_slac,
     author    = "Jessop, C.",
     title     = "A world average for $B \rightarrow X_s \gamma$",
     journal   = "SLAC-PUB-9610",
     year      = "1994",
}
@Article{d0_2_f+_pl,
     author    = "Abazov, V.~M. and others",
 collaboration = "\dzero",
     title     = "Measurement of the $W$ Boson Helicity in Top Quark Decays",
     journal   = "Phys. Rev. D",
     volume    = "72",
     year      = "2005",
     pages     = "011104",
     eprint    = "hep-ex/0505031",
     SLACcitation  = "%%CITATION = HEP-EX 0505031;%%"
}
@Article{d0_4839,
     author    = "Abazov, V.~M. and others",
 collaboration = "\dzero",
     title     = "Search for Right-handed $W$ Bosons in Dilepton 
                  Top Quark Pair Candidates",
     journal   = "\dzero\ note 4829",
     year      = "2005",
}
@Article{bigi_1986,
     author    = "Bigi, I.~I.~Y. and Dokshitzer, Y.~L. and Khoze, V.~A. 
                  and K{\"u}hn, J.~H. and Zerwas, P.~M.",
     title     = "Production and decay properties of ultraheavy quarks",
     journal   = "Phys. Lett. B",
     volume    = "181",
     year      = "1986",
     pages     = "157",
}
@Article{czarnecki_99,
     author    = "Czarnecki, A. and Melnikov, K.",
     title     = "Two Loop QCD Corrections to Top Quark Width",
     journal   = "Nucl. Phys. B",
     volume    = "544",
     year      = "1999",
     pages     = "520",
     eprint    = "hep-ph/9806244",
     SLACcitation  = "%%CITATION = HEP-PH 9806244;%%"
}
@Article{chetyrkin_99,
     author    = "Chetyrkin, K.~G. and Harlander, R. and Seidensticker, T.
                  and Steinhauser, M.",
     title     = "Second Order QCD Corrections to $\Gamma(t\rightarrow Wb)$",
     journal   = "Phys. Rev. D",
     volume    = "60",
     year      = "1999",
     pages     = "114015",
     eprint    = "hep-ph/9906273",
     SLACcitation  = "%%CITATION = HEP-PH 9906273;%%"
}
@Article{cdf_7804,
     author    = "Abulencia, A. and others",
 collaboration = "CDF",
     title     = "Measurement of the Helicity of $W$ Bosons in
                  Top-Quark Decays",
     journal   = "CDF note 7804",
     year      = "2005",
}
@Article{cdf_run1_fcnc,
     author    = "Abe, F. and others",
 collaboration = "CDF",
     title     = "Search for Flavor-Changing Neutral Current Decays 
                  of the Top Quark in $p\bar{p}$ Collisions 
                  at $\sqrt{s} = 1.8\;\rm TeV$",
     journal   = "Phys. Rev. Lett.",
     volume    = "80",
     year      = "1998",
     pages     = "2525",
}
@Article{fritsch_1989,
     author    = "Fritsch, H.",
     title     = "$t$ quarks may decay into $Z$ bosons and charm",
     journal   = "Phys. Lett. B",
     volume    = "224",
     year      = "1989",
     pages     = "423",
}
@Article{han_1995,
     author    = "Han, T. and Peccei, R.~D. and Zhang, X.",
     title     = "Top quark decay via flavor changing 
                  neutral currents at hadron colliders",
     journal   = "Nucl. Phys. B",
     volume    = "454",
     year      = "1995",
     pages     = "527-540",
     eprint    = "hep-ph/9506461",
     SLACcitation  = "%%CITATION = HEP-PH 9606461;%%"
}
@Article{parke_proceedings,
     author    = "Parke, S.",
     title     = "Summary of top quark physics",
     journal   = "Proceedings of the 1994 Meeting of the 
                  American Physical Society, Division of Particles 
                  and Fields, 1994",
     eprint    = "hep-ph/9409312",
     SLACcitation  = "%%CITATION = HEP-PH 9409312;%%"
}
@Article{barger_1990,
     author    = "Barger, V. and Han, T. and Ohnemus, J. and Zeppenfeld, D.",
     title     = "Pair production of $W^\pm, \gamma$ , and $Z$ in 
                  association with jets",
     journal   = "Phys. Rev. D",
     volume    = "41",
     year      = "1990",
     pages     = "2782",
}
@Article{isajet,
     author    = "Paige, F. and Protopopescu, S.~D.",
     title     = "ISAJET",
     journal   = "Brookhaven Report BNL-38034, 1986 (unpublished)",
}
@Article{ddannheim,
     author    = "Dannheim, D.",
     title     = "Exclusion summary plot of the flavour-changing 
                  neutral current couplings, 2005 (private communication)",
}
@Article{moretti_3040,
     author    = "Moretti, S. and Odagiri, K.",
     title     = "Single-top-quark production at future $ep$ colliders",
     journal   = "Phys. Rev. D",
     volume    = "57",
     year      = "1998",
     pages     = "3040-3050",
     eprint    = "hep-ph/9709435",
     SLACcitation  = "%%CITATION = HEP-PH 9709435;%%"
}
@Article{atwood_reina,
     author    = "Atwood, D. and Reina, L. and Soni, A.",
     title     = "Probing flavor-changing top-charm-scalar interactions 
                  in $e^+e^-$ collisions",
     journal   = "Phys. Rev. D",
     volume    = "53",
     year      = "1996",
     pages     = "1199",
     eprint    = "hep-ph/9606243",
     SLACcitation  = "%%CITATION = HEP-PH 9606243;%%"
}
@Article{divitiis_petronzio,
     author    = "de Divitiis, G.~M. and Petronzio, R. and
                  Silvestrini, L.",
     title     = "Flavor changing top decays in supersymmetric extensions 
                  of the Standard Model",
     journal   = "Nucl. Phys. B",
     volume    = "504",
     year      = "1997",
     pages     = "45",
     eprint    = "hep-ph/9704244",
     SLACcitation  = "%%CITATION = HEP-PH 9704244;%%"
}
@Article{peccei_zhang,
     author    = "Peccei, R.~D. and Zhang, X.",
     title     = "Dynamical symmetry breaking and universal breakdown",
     journal   = "Nucl. Phys. B",
     volume    = "337",
     year      = "1990",
     pages     = "269",
}
@Article{fritsch_holtmannspoetter,
     author    = "Fritsch, H. and Holtmannsp{\"o}tter, D.",
     title     = "The production of single $t$ quarks at LEP and HERA",
     journal   = "Phys. Lett. B",
     volume    = "457",
     year      = "1999",
     pages     = "186",
     eprint    = "hep-ph/9901411",
     SLACcitation  = "%%CITATION = HEP-PH 9901411;%%"
}
@Article{schwanen_1,
     author    = "Diener, K.~P. and Schwanenberger, C. and Spira, M.",
     title     = "Photoproduction of $W$ Bosons at HERA: QCD Corrections",
     journal   = "Eur. Phys. J. C",
     volume    = "25",
     year      = "2002",
     pages     = "405",
     eprint    = "hep-ph/0203269",
     SLACcitation  = "%%CITATION = HEP-PH 0203269;%%"
}
@Article{schwanen_2,
     author    = "Diener, K.~P. and Schwanenberger, C. and Spira, M.",
     title     = "Photoproduction of $W$ Bosons at HERA: Reweighting 
                  Method for implementing QCD Corrections in 
                  Monte Carlo Programs, 2003,",
     eprint    = "hep-ex/0302040",
     SLACcitation  = "%%CITATION = HEP-PH 0302040;%%"
}
@Article{h1_epjc_575,
     author    = "Adloff, C. and others",
 collaboration = "H1",
     title     = "Observation of Events with an Isolated High Energy 
                  Lepton and Missing Transverse Momentum at HERA",
     journal   = "Eur. Phys. J. C",
     volume    = "5",
     year      = "1998",
     pages     = "575",
     eprint    = "hep-ex/9806009",
     SLACcitation  = "%%CITATION = HEP-EX 9806009;%%"
}
@Article{h1_plb_241,
     author    = "Andreev, V. and others",
 collaboration = "H1",
     title     = "Isolated electrons and muons in events with 
                  missing transverse momentum at HERA",
     journal   = "Phys. Lett. B",
     volume    = "561",
     year      = "2003",
     pages     = "241",
     eprint    = "hep-ex/0301030",
     SLACcitation  = "%%CITATION = HEP-EX 0301030;%%"
}
@Article{h1_epjc_9,
     author    = "Aktas, A. and others",
 collaboration = "H1",
     title     = "Search for single top quark production in 
                  $ep$ collisions at HERA",
     journal   = "Eur. Phys. J. C",
     volume    = "33",
     year      = "2004",
     pages     = "9-22",
     eprint    = "hep-ex/0310032",
     SLACcitation  = "%%CITATION = HEP-EX 0310032;%%"
}
@Article{zeus_plb_153,
     author    = "Chekanov, S. and others",
 collaboration = "ZEUS",
     title     = "Search for single-top production in 
                  $ep$ collisions at HERA",
     journal   = "Phys. Lett. B",
     volume    = "559",
     year      = "2003",
     pages     = "153",
     eprint    = "hep-ex/0302010",
     SLACcitation  = "%%CITATION = HEP-EX 0302010;%%"
}
@Article{zeus_comphep1,
     author    = "Pukhov, A. and others",
     title     = "CompHep",
     journal   = "Preprint LSUHE-145-1993, 1993 (unpublished)",
}
@Article{zeus_comphep2,
     author    = "Pukhov, A. and others",
     title     = "CompHEP - a package for evaluation of Feynman diagrams 
                  and integration over multi-particle phase space. 
                  User's manual for version 33, 1999 (unpublished),",
     eprint    = "hep-ex/9908288",
     SLACcitation  = "%%CITATION = HEP-EX 9908288;%%"
}
@Article{obraztsov,
     author    = "Obraztsov, J.~F. and Slabopitsky, S.~R. and
                  Yushchenko, O.~P.",
     title     = "Search for Anomalos Top-Quark Interaction at LEP-2 Collider",
     journal   = "Phys. Lett. B",
     volume    = "426",
     year      = "1998",
     pages     = "393",
     eprint    = "hep-ph/9712394",
     SLACcitation  = "%%CITATION = HEP-PH 9712394;%%"
}
@Article{singlet_lep_1,
     author    = "Panella, O. and Pancheri, G. and Srivastava, Y.~N.",
     title     = "Single Top Production at LEP-2",
     journal   = "Phys. Lett. B",
     volume    = "318",
     year      = "1993",
     pages     = "241",
}
@Article{singlet_lep_2,
     author    = "Hagiwara, K. and Tanaka, M. and Stelzer, T.",
     title     = "Single Top Production at LEP-200",
     journal   = "Phys. Lett. B",
     volume    = "325",
     year      = "1994",
     pages     = "521",
     eprint    = "hep-ph/9401295",
     SLACcitation  = "%%CITATION = HEP-PH 9401295;%%"
}
@Article{singlet_lep_3,
     author    = "Boos, E. and others",
     title     = "Single Top Quark Production at LEP-200?",
     journal   = "Phys. Lett. B",
     volume    = "326",
     year      = "1996",
     pages     = "190-196",
}
@Article{huang_143,
     author    = "Huang, C.-S. and Wu, X.-H. and Zhu, S.-H.",
     title     = "Top charm associated production at high-energy 
                  $e^+e^-$ colliders in Standard Model",
     journal   = "Phys. Lett. B",
     volume    = "452",
     year      = "1999",
     pages     = "143-149",
     eprint    = "hep-ph/9901369",
     SLACcitation  = "%%CITATION = HEP-PH 9901369;%%"
}
@Article{han_hewett,
     author    = "Han, T. and Hewett, J.~L.",
     title     = "Top-charm associated production in high energy 
                  $e^+e^-$ collisions",
     journal   = "Phys. Rev. D",
     volume    = "60",
     year      = "1999",
     pages     = "074015",
     eprint    = "hep-ph/9811237",
     SLACcitation  = "%%CITATION = HEP-PH 9811237;%%"
}
@Article{aguilar_miquel,
     author    = "del~Aguilar, F. and Aguilar-Saavedra, J.~A. and Miquel, R.",
     title     = "Constraints on Top Couplings in Models with Exotic Quarks",
     journal   = "Phys. Rev. Lett.",
     volume    = "82",
     year      = "1999",
     pages     = "1628-1631",
     eprint    = "hep-ph/9808400",
     SLACcitation  = "%%CITATION = HEP-PH 9808400;%%"
}
@Article{aleph_fcnc,
     author    = "Heister, A. and others",
 collaboration = "ALEPH",
     title     = "Search for Single Top Production in $e^+e^-$ 
                  Collisions at $\sqrt{s}$ up to $209\;\rm GeV$",
     journal   = "Phys. Lett. B",
     volume    = "543",
     year      = "2002",
     pages     = "173-182",
     eprint    = "hep-ex/0206070",
     SLACcitation  = "%%CITATION = HEP-EX 0206070;%%"
}
@Article{delphi_fcnc,
     author    = "Abdallah, J. and others",
 collaboration = "DELPHI",
     title     = "Search for single top Production via FCNC at
                  LEP at $\sqrt{s} = 189 - 208\;\rm GeV$",
     journal   = "Phys. Lett. B",
     volume    = "590",
     year      = "2004",
     pages     = "21-34",
     eprint    = "hep-ex/0404014",
     SLACcitation  = "%%CITATION = HEP-EX 0404014;%%"
}
@Article{l3_fcnc,
     author    = "Achard, P. and others",
 collaboration = "L3",
     title     = "Search for Single Top Production at LEP",
     journal   = "Phys. Lett. B",
     volume    = "549",
     year      = "2002",
     pages     = "290-300",
     eprint    = "hep-ex/0210041",
     SLACcitation  = "%%CITATION = HEP-EX 0210041;%%"
}
@Article{opal_fcnc,
     author    = "Abbiendi, G. and others",
 collaboration = "OPAL",
     title     = "Search for Single Top Production at LEP2",
     journal   = "Phys. Lett. B",
     volume    = "521",
     year      = "2001",
     pages     = "181",
     eprint    = "hep-ex/0110009",
     SLACcitation  = "%%CITATION = HEP-EX 0110009;%%"
}
@Article{arbuzov_485,
     author    = "Arbuzov, B.~A. and Osipov, M.~Y.",
     title     = "An enhancement of neutral $tc$ transition in the model
                  of dynamical breaking of the electroweak symmetry",
     journal   = "Phys. Atom. Nucl.",
     volume    = "62",
     year      = "1999",
     pages     = "485",
     eprint    = "hep-ph/9802392",
     SLACcitation  = "%%CITATION = HEP-PH 9802392;%%"
}
@Article{grzadkowski_106,
     author    = "Grzadkowski, B. and Gunion, J.~F. and Krawczyk, P.",
     title     = "Neutral current flavor changing decays for the 
                  $Z$ boson and the to quark in two Higgs doublet models",
     journal   = "Phys. Lett. B",
     volume    = "268",
     year      = "1991",
     pages     = "106",
}
@Article{eilam_1473,
     author    = "Eilam, G. and Hewett, J.~L. and Soni, A.",
     title     = "Rare decays of the top quark in the Standard and 
                  Two Higgs Doublet Models",
     journal   = "Phys. Rev. D",
     volume    = "44",
     year      = "1991",
     pages     = "1473",
}
@Article{eilam_1473_1,
     author    = "Eilam, G. and Hewett, J.~L. and Soni, A.",
     title     = "Rare decays of the top quark in the Standard and 
                  Two Higgs Doublet Models",
     journal   = "Erratum Phys. Rev. D",
     volume    = "59",
     year      = "1999",
     pages     = "039901",
}
@Article{d0_spin_correlation,
     author    = "Abbott, B. and others",
     title     = "Spin Correlation in $t\bar{t}$ Production from $p\bar{p}$
                  Collisions at $\sqrt{s} = 1.8\;\rm TeV$",
     journal   = "Phys. Rev. Lett.",
     volume    = "85",
     year      = "2000",
     pages     = "256-261",
     eprint    = "hep-ex/0002058",
     SLACcitation  = "%%CITATION = HEP-EX 0002058;%%"
}
@Article{jezabek,
     author    = "Je{\.z}abek, M.",
     title     = "Top Quark Physics",
     journal   = "Nucl. Phys. B (Proc. Suppl.)",
     volume    = "37",
     year      = "1994",
     pages     = "197",
     eprint    = "hep-ph/9406411",
     SLACcitation  = "%%CITATION = HEP-PH 9406411;%%"
}
@Article{bigi_233,
     author    = "Bigi, I.",
     title     = "On the hadronization of top quarks",
     journal   = "Phys. Lett. B",
     volume    = "175",
     year      = "1986",
     pages     = "233",
}
@Article{stelzer_willenbrock,
     author    = "Stelzer, T. and Willenbrock, S.",
     title     = "Spin correlation in top quark production at 
                  hadron colliders",
     journal   = "Phys. Lett. B",
     volume    = "374",
     year      = "1996",
     pages     = "169-172",
     eprint    = "hep-ph/9512292",
     SLACcitation  = "%%CITATION = HEP-PH 9512292;%%"
}
@Article{jezabek_kuehn,
     author    = "Je{\.z}abek, M. and K{\"u}hn, J.",
     title     = "$V-A$ tests through leptons from polarized top quarks",
     journal   = "Phys. Lett. B",
     volume    = "329",
     year      = "1994",
     pages     = "317-324",
     eprint    = "hep-ph/9403366",
     SLACcitation  = "%%CITATION = HEP-PH 9403366;%%"
}
@Article{jezabek_kuehn_89,
     author    = "Je{\.z}abek, M. and K{\"u}hn, J.~H.",
     title     = "QCD Corrections to Semileptonic Decays of Heavy Quarks",
     journal   = "Nucl. Phys. B",
     volume    = "314",
     year      = "1989",
     pages     = "1",
}
@Article{barger_1989,
     author    = "Barger, V. and Ohnemus, J. and Phillips, R.~J.~N.",
     title     = "Spin correlation effects in the hadroproduction and
                  decay of very heavy top quark pairs",
     journal   = "Int. J. Mod. Phys. A",
     volume    = "4",
     year      = "1989",
     pages     = "617",
}
@Article{susy_primer,
     author    = "Martin, S.",
     title     = "A Supersymmetry Primer",
     year      = "1997",
     eprint    = "hep-ph/9709356",
     SLACcitation  = "%%CITATION = HEP-PH 9709356;%%"
}
@Article{carena_haber,
     author    = "Carena, M. and Haber, H.~E.",
     title     = "Higgs Boson theory and phenomenology",
     journal   = "Prog. Part. Nucl. Phys.",
     volume    = "50",
     year      = "2003",
     pages     = "63-152",
     eprint    = "hep-ph/0208209",
     SLACcitation  = "%%CITATION = HEP-PH 0208209;%%"
}
@Article{cdf_run1_hpm_1,
     author    = "Affolder, T. and others",
 collaboration = "CDF",
     title     = "Search for the charged Higgs boson in the decays of top quark
                  pairs in the $e \tau$ and $\mu \tau$ channels at
                  $\sqrt{s} = 1.8\;\rm TeV$",
     journal   = "Phys. Rev. D",
     volume    = "62",
     year      = "2000",
     pages     = "012004",
     eprint    = "hep-ex/9912013",
     SLACcitation  = "%%CITATION = HEP-EX 9912013;%%"
}
@Article{cdf_run1_hpm_2,
     author    = "Abe, F. and others",
 collaboration = "CDF",
     title     = "Search for charged Higgs decays of the top quark 
                  using hadronic decays of the tau lepton",
     journal   = "Phys. Rev. Lett.",
     volume    = "79",
     year      = "1997",
     pages     = "357",
     eprint    = "hep-ex/9704003",
     SLACcitation  = "%%CITATION = HEP-EX 9704003;%%"
}
@Article{d0_run1_hpm_1,
     author    = "Abbott, B. and others",
 collaboration = "\dzero",
     title     = "Search for charged Higgs bosons in decays of 
                  top quark pairs",
     journal   = "Phys. Rev. Lett.",
     volume    = "82",
     year      = "1999",
     pages     = "4975-4980",
     eprint    = "hep-ex/9902028",
     SLACcitation  = "%%CITATION = HEP-EX 9902028;%%"
}
@Article{carena_garcia_nierste,
     author    = "Carena, M. and Garcia, D. and Nierste, U. and 
                  Wagner, C.~E.~M.",
     title     = "Effective langrangian for the $\bar{t}bH^+$ 
                  interactions in the MSSM and charged Higgs phenomenology",
     journal   = "Nucl. Phys. B",
     volume    = "577",
     year      = "2000",
     pages     = "88-120",
     eprint    = "hep-ph/9912516",
     SLACcitation  = "%%CITATION = HEP-PH 9912516;%%"
}
@Article{cdf_7712,
     author    = "Abulencia, A. and others",
 collaboration = "CDF",
     title     = "Search for charged Higgs boson in $t\bar{t}$ decay products",
     journal   = "CDF note 7712",
     year      = "2005",
}
@Article{cpsuperh,
     author    = "Lee, J.~S. and others",
     title     = "CPsuperH: A computational tool for Higgs phenomenology
                  in the minimal supersymmetric Standard Model with
                  explicit CP violation",
     journal   = "Comput. Phys. Commun.",
     volume    = "156",
     year      = "2001",
     pages     = "283-317",
     eprint    = "hep-ph/0307377",
     SLACcitation  = "%%CITATION = HEP-PH 0307377;%%"
}
@Article{leph_mssm,
     author    = "{The LEP Working Group for Higgs Boson Searches}",
     title     = "Search for the Neutral MSSM Higgs Bosons at LEP",
     journal   = "ALEPH 2004-008, DELPHI 2004-042, L3 Note 2820,
                  OPAL TN-744, LHWG-Note/2004-01,
                  contrib. paper to summer conferences 2004",
     year      = "2004",
}
@Article{mssm_hightanb_1,
     author    = "Ananthanarayan, G.~L.~B. and Lazarides, G. and Shafi, Q.",
     title     = "Top mass prediction from supersymmetric GUTs",
     journal   = "Phys. Rev. D",
     volume    = "44",
     year      = "1991",
     pages     = "1613",
}
@Article{mssm_hightanb_2,
     author    = "Dimopoulos, S. and Hall, L.~J. and Raby, S.",
     title     = "A predictive ansatz for fermion mass matrices in 
                  supersymmetric Grand Unified Theories",
     journal   = "Phys. Rev. D",
     volume    = "45",
     year      = "1992",
     pages     = "4192",
}
@Article{mssm_hightanb_3,
     author    = "Anderson, G.~W. and Raby, S. and 
                  Dimopoulos, S. and Hall, L.~J.",
     title     = "Precise predictions for $m(t), V_{cb}$ and $\tan \beta$",
     journal   = "Phys. Rev. D",
     volume    = "47",
     year      = "1993",
     pages     = "3702",
     eprint    = "hep-ph/9209250",
     SLACcitation  = "%%CITATION = HEP-PH 9209250;%%"
}
@Article{cdf_7113,
     author    = "Acosta, D. and others",
 collaboration = "CDF",
     title     = "Search for $t^\prime \rightarrow Wq$ Using 
                  Lepton Plus Jets Events",
     journal   = "CDF note 7113, 2004 (unpublished)",
}
@Article{little_higgs,
     author    = "Han, T. and Logan, H.~E. and McElrath, B. and Wang, L.~T.",
     title     = "Loop induced decays of the Little Higgs: 
                  $H\rightarrow gg, \gamma \gamma$",
     journal   = "Phys. Lett. B",
     volume    = "563",
     year      = "2003",
     pages     = "191",
     eprint    = "hep-ph/0302188",
     SLACcitation  = "%%CITATION = HEP-PH 0302188;%%"
}
@Article{cdf_run2_llkinematics,
     author    = "Abulencia, A. and others",
 collaboration = "CDF",
     title     = "Search for Anomalous Kinematics in $t\bar{t}$ Dilepton
                  Events at CDF II",
     journal   = "Phys. Rev. Lett.",
     volume    = "95",
     year      = "2005",
     pages     = "022001",
     eprint    = "hep-ex/0412042",
     SLACcitation  = "%%CITATION = HEP-EX 0412042;%%"
}
@Article{barnett_hall,
     author    = "Barnett, R.~M. and Hall, L.~J.",
     title     = "A Multi-Lepton Signal for Supersymmetric Particles 
                  in Tevatron Data ?",
     journal   = "Phys. Rev. Lett.",
     volume    = "77",
     year      = "1996",
     pages     = "3506-3509",
     eprint    = "hep-ph/9607342",
     SLACcitation  = "%%CITATION = HEP-PH 9607342;%%"
}



%======================================================
%= Chapter 9 - Top Quark Physics at the LHC ===========
%======================================================
@Article{lhc1,
     title     = "The Large Hadron Collider LHC at CERN",
     journal   = "http://lhc-new-homepage.web.cern.ch",
     year      = "2000",
}
@Article{lhc2,
     author    = "Evans, L.~R.",
     title     = "The Large Hadron Collider (LHC)",
     journal   = "Eur. Phys. J. C",
     volume    = "34",
     year      = "2004",
     pages     = "S11-S15",
}
@Article{lhc2.1,
     author    = "Evans, L.~R.",
     title     = "Challenges of the LHC: The Accelerator Challenge",
     journal   = "Eur. Phys. J. C",
     volume    = "34",
     year      = "2004",
     pages     = "57-60",
}
@Article{lhc3,
     author    = "Evans, L.~R.",
     title     = "The Large Hadron Collider (LHC)",
     journal   = "IEEE Trans.~Appl.~Supercond.",
     volume    = "14",
     year      = "2004",
     pages     = "147-152",
}
@Article{atlas_detector,
 collaboration = "ATLAS",
     title     = "ATLAS Technical Proposal for a General-Purpose 
                  $pp$ Experiment at the Large Hadron Collider at CERN",
     journal   = "CERN/LHCC/94-43, LHCC/P2, 1994 (unpublished)",
}
@Article{cms_detector,
 collaboration = "CMS",
     title     = "CMS - Technical Proposal",
     journal   = "CERN/LHCC/94-38, 1994 (unpublished)",
}
@Article{weiser,
     author    = "Weiser, C.",
     title     = "Top Physics at the LHC",
     journal   = "Proceedings of XXXX$^{\rm th}$ Rencontres de 
                  Moriond, QCD and High Energy Hadronic Interactions,
                  La Thuile, Italy, 2005,",
     eprint    = "hep-ex/0506024",
     SLACcitation  = "%%CITATION = HEP-EX 0506024;%%"
}
@Article{toplhc_barisonzi,
     author    = "Barisonzi, M.",
     title     = "Top Physics at ATLAS",
     journal   = "Proceedings of IFAE - Incontri di Fisica delle 
                  Alte Energie - Catania, 2005,",
     eprint    = "hep-ex/0508008",
     SLACcitation  = "%%CITATION = HEP-EX 0508008;%%"
}
@Article{borjanovic,
     author    = "Borjanovic, I. and others",
 Collaboration = "ATLAS",
     title     = "Investigation of Top Mass Measurements with the
                  ATLAS Detector at LHC",
     journal   = "Eur. Jour. Phys. C",
     volume    = "39S2",
     year      = "2004",
     pages     = "47",
     eprint    = "hep-ex/0403021",
     SLACcitation  = "%%CITATION = HEP-EX 0403021;%%"
}
@Article{atlas_top_hubaut,
     author    = "Hubaut, F. and others",
     title     = "ATLAS Sensitivity to $t\bar{t}$ Spin Correlations",
     journal   = "ATL-PHYS-PUB-2005-001, 2005 (unpublished)",
}
@Article{atlas_top_hubaut_heli,
     author    = "Hubaut, F. and Monnier, E. and Pralavorio, P. and
                  Smolek, K. and Simak, V.",
 Collaboration = "ATLAS",
     title     = "ATLAS Sensitivity to top quark and $W$ boson 
                  polarization in $t\bar{t}$ events",
     journal   = "Eur. Phys. J. C",
     volume    = "44S2",
     pages     = "13-22",
     year      = "2005",
     eprint    = "hep-ex/0508061",
     SLACcitation  = "%%CITATION = HEP-EX 04508061;%%"
}
@Article{fabiola_michelangelo_2005,
     author    = "Gianotti, F. and Mangano, M.~L.",
     title     = "LHC physics: the first one--two year(s)",
     journal   = "Proceedings of the 2nd Italian Workshop on the physics
                  of ATLAS and CMS, 2005 (unpublished),",
     eprint    = "hep-ph/0504221",
     SLACcitation  = "%%CITATION = HEP-PH 0504221;%%"
}
@Article{sonnenschein_2001_001,
     author    = "Sonnenschein, L.",
 Collaboration = "CMS",
     title     = "Top mass determination in the $t\bar{t}$
                  semileptonic decay channel",
     journal   = "CMS Note 2001/001, 2001 (unpublished)",
}
@Article{cms_avto,
     author    = "Kharchivala, A.",
 Collaboration = "CMS",
     title     = "Top Mass Determination in leptonic final states 
                  with $J/\psi$",
     journal   = "CMS Note 1999-065, 1999 (unpublished)",
}
@Article{cms_avto_1,
     author    = "Kharchivala, A.",
     title     = "Top Mass Determination in leptonic final states 
                  with $J/\psi$",
     journal   = "Phys. Lett. B",
     volume    = "476",
     year      = "2000",
     pages     = "73-78",
     eprint    = "hep-ph/9912320",
     SLACcitation  = "%%CITATION = HEP-PH 9912320;%%"
}
@Article{cms_single_top,
     author    = "Green, D.",
 Collaboration = "CMS",
     title     = "A Study of Single Top at CMS",
     journal   = "CMS Note 1999-048, 1999 (unpublished)",
}
@Article{beaudette,
     author    = "Beaudette, F.",
     title     = "Top physics prospects at LHC",
     journal   = "Proceedings of XXXX$^{\rm th}$ Rencontres de 
                  Moriond, Electroweak Interactions and Unified Theories, 
                  La Thuile, Italy, 2005,",
     eprint    = "hep-ex/0506056",
     SLACcitation  = "%%CITATION = HEP-EX 0506056;%%"
}
@Article{atlas_top_charge,
     author    = "Ciljak, M. and Jurcovicova, M. and Tokar, S.
                  and Baur, U.",
     title     = "Top charge measurement at ATLAS detector",
     journal   = "ATL-PHYS-2003-035, 2003 (unpublished)",
}
@Article{sonnenschein_phd,
     author    = "Sonnenschein, L.",
     title     = "The $t\bar{t}$ Production in $pp$ Collisions at 
                  $\sqrt{s} =14\;\rm TeV$",
     journal   = "Ph.D.thesis, Rheinisch-Westf{\"a}lische Technische Hochschule
                  Aachen, PITHA 01/04, 2001",
}
@Article{leveque_phd,
     author    = "L{\'e}v{\^e}que, J.",
     title     = "Recherche d'un boson de Higgs l{\'e}ger produit en 
                  association avec une paire de quarks top dans 
                  l'exp{\'e}rience ATLAS",
     journal   = "Ph.D. thesis, Centre de Physique des 
                  Particules de Marseille et de l'Universit{\'e} de la 
                  Mediterran{\'e}e - Aix-Marseille II, 2003",
}
@Article{leveque_phd_1,
     author    = "L{\'e}v{\^e}que, J. and Kostyukhin, V. and Rozanov, A.
                  and De~Vivie~de~R{\'e}gie, J.~B.",
     title     = "Search for the Standard Model Higgs boson in the
                  $t\bar{t}H^0$, $H^0\rightarrow WW^{(*)}$ channel",
     journal   = "ATL-PHYS-2002-019, 2002 (unpublished)",
}
@Article{cammin_phd,
     author    = "Cammin, J.",
     title     = "Study of a Light Standard Model Higgs Boson in the 
                  $tbar{t}H^0$ Channel with ATLAS at LHC and
                  Decay-Mode Independent Searches for Neutral Higgs
                  Bosons with OPAL at LEP",
     journal   = "Ph.D. thesis, Rheinische Friedrich-Wilhelms-Universit{\"a}t 
                  Bonn, 2003",
}
@Article{atlas_yukawa,
     author    = "Cammin, J. and Schumacher, M.",
     title     = "The ATLAS discovery potential for the channel 
                  $t\bar{t}H$, $H\rightarrow b\bar{b}$",
     journal   = "ATL-PHYS-2003-024, 2003 (unpublished)",
}
@Article{cms_yukawa,
     author    = "Abdullin, S. and others",
     title     = "Summary of the CMS Potential for the Higgs Boson Discovery",
     journal   = "CMS Note 2003/033, 2003 (unpublished)",
}
@Article{sonnenschein_2000,
     author    = "Sonnenschein, L.",
 collaboration = "CMS",
     title     = "Top Quark Physics at the LHC",
     journal   = "Proceedings of the 14th International Spin Physics 
                  Symposium (SPIN2000), Osaka, Japan, 2000",
}
@Article{stan_moriond05,
     author    = "Bentvelsen, S.",
     title     = "Studies of Top Quark Properties at the LHC",
     journal   = "Proceedings of the 39th Rencontres de Moriond on QCD 
                  and High-Energy Hadronic Interactions, La Thuile, 
                  Italy, 2004,",
     eprint    = "hep-ph/0408111",
     SLACcitation  = "%%CITATION = HEP-PH 0408111;%%"
}
@Article{atlas_spin_correlation,
     author    = "Smolek, K. and Simak, V.",
     title     = "Measurement of Spin Correlations of top-antitop pairs",
     journal   = "ATL-PHYS-2003-012, 2003 (unpublished)",
}
@Article{marina_hcp2004,
     author    = "Cobal, M.",
     title     = "Expectations from LHC and LC on Top Physics",
     journal   = "Proceedings of the 15th Topical Conference in Hadron 
                  Collider Physics (HCP2004), Michigan State University, 
                  East Lansing, USA, 2004,",
     eprint    = "hep-ex/0412053",
     SLACcitation  = "%%CITATION = HEP-EX 0412053;%%"
}
@Article{nekrasov,
     author    = "Nekrasov, M.~L.",
     title     = "Towards precision determination of the top quark 
                  mass from $M_{lb}$ distribution in semi-leptonic decays",
     journal   = "Eur. Phys. J. C",
     volume    = "44",
     pages     = "233-241",
     year      = "2005",
     eprint    = "hep-ph/0412219",
     SLACcitation  = "%%CITATION = HEP-PH 0412219;%%"
}
@Article{cao_liu_yang_04,
     author    = "Cao, J. and Liu, G. and Yang, J.~M.",
     title     = "Probing Topcolor-Assisted Technicolor from Like-sign 
                  Top Pair Production at LHC",
     journal   = "Phys. Rev. D",
     volume    = "70",
     year      = "2004",
     pages     = "114035",
     eprint    = "hep-ph/0409334",
     SLACcitation  = "%%CITATION = HEP-PH 0409334;%%"
}
@Article{desch_2004,
     author    = "Desch, K. and Schumacher, M.",
     title     = "Model Independent Determination of the Top Yukawa 
                  Coupling from LHC and LC",
     journal   = "Eur. Phys. J. C",
     volume    = "46",
     pages     = "527",
     year      = "2006",
     eprint    = "hep-ph/0407159",
     SLACcitation  = "%%CITATION = HEP-PH 0407159;%%"
}
@Article{mduehrssen,
     author    = "D{\"u}hrssen, M.",
     title     = "Prospects for the measurement of Higgs boson coupling 
                  parameters in the mass range from $110 - 190\;\rm GeV/c^2$",
     journal   = "ATL-PHYS-2003-030, 2003 (unpublished)",
}
@Article{mduehrssen_1,
     author    = "D{\"u}hrssen, M. and Heinemeyer, S. and Logan, H. and
                  Rainwater, D. and Weiglein, G. and Zeppenfeld, D.",
     title     = "Extracting Higgs boson couplings from LHC data",
     journal   = "Phys. Rev. D",
     volume    = "70",
     year      = "2004",
     pages     = "113009",
     eprint    = "hep-ph/0406323",
     SLACcitation  = "%%CITATION = HEP-PH 0406323;%%"
}
@Article{baur_juste_orr_rainwater,
     author    = "Baur, U. and Juste, A. and Orr, L.~H. and Rainwater, D.",
     title     = "Probing Electroweak Top Quark Couplings at Hadron Colliders",
     journal   = "Phys. Rev. D",
     volume    = "71",
     year      = "2005",
     pages     = "054013",
     eprint    = "hep-ph/0412021",
     SLACcitation  = "%%CITATION = HEP-PH 0412021;%%"
}
@Article{baur_0508151,
     author    = "Baur, U.",
     title     = "Probing Electroweak Top Quark Couplings at Hadron and
                  Lepton Colliders",
     journal   = "Proceedings of the 2005 International Linear Collider 
                  Workshop, Stanford, USA, 2005,",
     eprint    = "hep-ph/0508151",
     SLACcitation  = "%%CITATION = HEP-PH 0508151;%%"
}
@Article{uwer_0412097,
     author    = "Uwer, P.",
     title     = "Maximizing the spin correlation of top quark pairs produced
                  at the Large Hadron Collider",
     journal   = "Phys. Lett. B",
     volume    = "609",
     year      = "2005",
     pages     = "271-276",
     eprint    = "hep-ph/0412097",
     SLACcitation  = "%%CITATION = HEP-PH 0412097;%%"
}
@Article{han_whisnant,
     author    = "Han, T. and Whisnant, K. and Young, B.~L. and Zhang, X.",
     title     = "Searching for $t\rightarrow c\gamma$ at the Fermilab 
                  Tevatron",
     journal   = "Phys. Lett. B",
     volume    = "385",
     year      = "1996",
     pages     = "311-316",
     eprint    = "hep-ph/9606231",
     SLACcitation  = "%%CITATION = HEP-PH 9606231;%%"
}
@Article{tev200,
     author    = "{TeV-2000 Study Group}",
     title     = "Future Electroweak Physics at the Fermilab Tevatron: 
                  Report of the TEV-2000 Study Group",
     journal   = "SLAC-REPRINT-1996-085, FERMILAB-PUB-96-082, 
                  \dzero-NOTE-2589, CDF-NOTE-3177, Batavia, edited by
                  D.~Amidei, R.~Brock",
     year      = "1996",
     pages     = "227",
}
@Article{atlas_fcnc,
     author    = "Carvalho, J. and Castro, N. and Onofre, A. and Veloso, F.",
     title     = "Study of ATLAS sensitivity to FCNC top decays",
     journal   = "ATL-PHYS-PUB-2005-009, 2005 (unpublished)",
}
@article{Passage_through_matter,
    author = "K.A. Olive and others",
    title = "Review of Particle Physics",
    collaboration = "Particle Data Group",
    journal = "Chin. Phys.",
    volume = "C38",
    year = "2014",
}
@article{Tang:2013daa,
      author         = "Tang, Shu-Wen and Ma, Peng and Duan, Li-Min and Sun,
                        Zhi-Yu and Lu, Chen-Gui and others",
      title          = "{A normal-pressure MWPC for beam diagnostics at RIBLL2}",
      journal        = "Chin.Phys.",
      number         = "6",
      volume         = "C37",
      pages          = "066002",
      year           = "2013",
      eprint         = "1305.5007",
      archivePrefix  = "arXiv",
      primaryClass   = "physics.ins-det",
      SLACcitation   = "%%CITATION = ARXIV:1305.5007;%%",
}
@article{Higgs:1964pj,
      author         = "Higgs, Peter W.",
      title          = "{Broken Symmetries and the Masses of Gauge Bosons}",
      journal        = "Phys.Rev.Lett.",
      volume         = "13",
      pages          = "508-509",
      doi            = "10.1103/PhysRevLett.13.508",
      year           = "1964",
      SLACcitation   = "%%CITATION = PRLTA,13,508;%%",
}
@book{halzen2008quark,
      title={QUARK \& LEPTONS: AN INTRODUCTORY COURSE IN MODERN PARTICLE PHYSICS},
      author={Halzen, F. and Martin, A.D.},
      isbn={9788126516568},
      year={2008},
      publisher={Wiley India Pvt. Limited}
}
@article{Kaidalov:2001db,
      author         = "Kaidalov, A.B.",
      title          = "{Regge poles in QCD}",
      year           = "2001",
      eprint         = "hep-ph/0103011",
      archivePrefix  = "arXiv",
      primaryClass   = "hep-ph",
      SLACcitation   = "%%CITATION = HEP-PH/0103011;%%",
}
@article{ATLAS:2014wva,
      key            = "1286320",
      title          = "{First combination of Tevatron and LHC measurements of
                        the top-quark mass}",
      collaboration  = "ATLAS, CDF, CMS, D0",
      year           = "2014",
      eprint         = "1403.4427",
      archivePrefix  = "arXiv",
      primaryClass   = "hep-ex",
      reportNumber   = "ATLAS-CONF-2014-008, CDF-NOTE-11071, CMS-PAS-TOP-13-014,
                        D0-NOTE-6416, FERMILAB-TM-2582-E",
      SLACcitation   = "%%CITATION = ARXIV:1403.4427;%%",
}
@article{Aad:2012tfa,
      author         = "Aad, Georges and others",
      title          = "{Observation of a new particle in the search for the
                        Standard Model Higgs boson with the ATLAS detector at the
                        LHC}",
      collaboration  = "ATLAS",
      journal        = "Phys.Lett.",
      volume         = "B716",
      pages          = "1-29",
      doi            = "10.1016/j.physletb.2012.08.020",
      year           = "2012",
      eprint         = "1207.7214",
      archivePrefix  = "arXiv",
      primaryClass   = "hep-ex",
      reportNumber   = "CERN-PH-EP-2012-218",
      SLACcitation   = "%%CITATION = ARXIV:1207.7214;%%",
}
@article{Lemmer:2014zua,
      author         = "Lemmer, Boris",
      title          = "{Measurement of Spin Correlations in $t\bar{t}$ Events
                        from $pp$ Collisions at $\sqrt{s}$ = 7 TeV in the Lepton +
                        Jets Final State with the ATLAS Detector}",
      year           = "2014",
      eprint         = "1410.1791",
      archivePrefix  = "arXiv",
      primaryClass   = "hep-ex",
      reportNumber   = "II.PHYSIK-UNIG\O-DISS-2014-02",
      SLACcitation   = "%%CITATION = ARXIV:1410.1791;%%",
}
@ARTICLE{2006EPJC...48..835Q,
   author = {{Quadt}, A.},
    title = "{Top quark physics at hadron colliders}",
  journal = {European Physical Journal C},
     year = 2006,
    month = dec,
   volume = 48,
    pages = {835-1000},
      doi = {10.1140/epjc/s2006-02631-6},
   adsurl = {http://adsabs.harvard.edu/abs/2006EPJC...48..835Q},
  adsnote = {Provided by the SAO/NASA Astrophysics Data System}
}
@article{PhysRevLett.74.2626,
  title = {Observation of Top Quark Production in $\overline{\mathit{p}}\mathit{p}$ Collisions with the Collider Detector at Fermilab},
  author = {\cdf and \dzero Collaborations},
  journal = {Phys. Rev. Lett.},
  volume = {74},
  issue = {14},
  pages = {2626--2631},
  numpages = {0},
  year = {1995},
  month = {Apr},
  publisher = {American Physical Society},
  doi = {10.1103/PhysRevLett.74.2626},
  url = {http://link.aps.org/doi/10.1103/PhysRevLett.74.2626}
}



